2934 4952
181 293 223 356 10
543 287 652 342 LIBER
669 287 783 342 XXIIII.
817 287 893 341 OAP.
914 295 938 343 4.
959 293 983 342 ὅ.
1190 313 1250 350 aa
1269 313 1287 341 e.
1307 303 1354 344 sse.

110 509 112 511 .
179 453 324 519 omnium
345 471 442 536 penes
467 472 501 514 se
523 449 674 534 virosque
698 471 774 514 suos
797 449 1060 515 Andranoderuru
1082 455 1111 514 et
1126 450 1281 534 luiturum
1299 451 1355 533 qui

142 557 160 604 4
178 539 451 624 Syracusanorum
473 539 570 622 primi
592 539 866 624 relinquebantur.
895 560 961 602 non
984 537 1079 602 facilc
1102 541 1173 604 erat
1190 559 1354 623 nonagen-

179 631 298 694 simum
321 629 386 695 iem
410 628 521 714 egenti
545 649 681 710 annum,
710 626 922 692 circumsesso
953 627 1020 691 dies
1045 630 1219 713 noctesque
1243 627 1354 692 mulie·

178 719 290 783 bribus
313 715 494 800 blanditiis,
525 716 662 780 liberare
689 715 833 778 animum
861 717 894 778 ct
916 719 1101 780 convertere
1125 716 1166 780 ed
1189 715 1354 798 publicam

143 821 200 871 ba
221 807 350 890 privata
373 827 492 870 curam.
524 805 634 887 itaque
656 805 781 868 tutores
805 803 901 868 modo
925 804 1109 887 quindecim
1131 826 1232 888 puero
1259 803 1355 868 relin-
1454 811 1455 816 ’

179 897 262 979 quit,
290 916 370 979 quos
394 896 545 976 precatus
569 896 619 956 est
641 892 796 975 moriens,
824 895 861 954 ut
883 891 980 955 fidem
1004 914 1081 978 erga
1110 892 1269 976 populum
1290 891 1355 956 Ro·
1454 915 1455 918 ¹

177 1006 308 1048 manum
332 981 569 1068 quinquaginta
588 1002 688 1045 annos
713 981 754 1044 ab
778 1001 812 1044 se
835 979 955 1044 cultam
973 980 1167 1045 inviolatam
1186 984 1353 1045 servarent

177 1073 388 1157 iuvenemque
412 1071 478 1135 suis
501 1070 709 1153 potissimum
741 1067 888 1154 vestigiis
920 1069 1070 1133 insistere
1097 1070 1219 1134 vellent
1257 1075 1286 1134 et
1307 1068 1354 1133 di-

143 1177 159 1224 6
180 1161 343 1244 sciplinee,
366 1161 402 1223 in
421 1181 484 1244 qua
502 1159 636 1223 eductus
652 1161 745 1223 esset.
778 1157 859 1222 haec
877 1157 1042 1222 mandata.
1075 1179 1147 1222 oum
1167 1158 1355 1245 expirasset,

178 1253 304 1314 tutores
328 1249 524 1312 testamento
547 1247 676 1330 prolato
699 1267 861 1330 pueroque
884 1245 919 1308 in
938 1247 1122 1310 contionem
1140 1246 1296 1329 producto
1314 1283 1352 1293 -

143 1355 158 1402 7
179 1341 250 1402 eret
271 1341 390 1401 autem
405 1335 584 1421 quindecim
606 1338 677 1399 tum
699 1333 799 1398 ferme
824 1355 983 1399 annorum
1004 1371 1048 1380 -—
1065 1335 1191 1418 paucis,
1220 1335 1276 1418 qui
1297 1356 1356 1418 per

178 1426 365 1491 contionem
389 1424 429 1488 ed
453 1423 640 1488 excitandos
663 1422 821 1505 clamores
844 1422 996 1507 dispositi
1020 1428 1125 1507 erunt,
1148 1424 1356 1506 adprobanti-

178 1514 239 1578 bus
263 1514 509 1595 testamentum,
537 1512 651 1576 ceteris
679 1511 769 1576 velut
791 1514 883 1594 putre
914 1511 1033 1576 emisso
1057 1515 1091 1576 in
1119 1512 1199 1576 orba
1223 1512 1352 1576 civitate

40 1637 42 1640 ·
141 1619 158 1667 s
178 1602 287 1666 omnia
308 1601 497 1664 timentibus
521 1620 636 1664 munias
652 1600 833 1681 suscipiunt.
853 1604 919 1663 turn
931 1599 1027 1664 funus
1042 1601 1080 1664 fit
1093 1601 1228 1684 regium,
1248 1600 1352 1685 magis

141 1708 287 1756 semare
315 1689 434 1754 civium
462 1692 495 1752 et
522 1689 657 1753 caritate
691 1709 788 1773 quem
821 1709 898 1752 cura
930 1709 1063 1752 suorum
1095 1689 1226 1753 celebre.
1269 1689 1351 1754 brevi

177 1777 292 1842 deinde
315 1781 437 1843 ceteros
460 1780 584 1842 tutores
607 1780 790 1841 summovet
813 1775 1083 1860 Andrenodorus,
1112 1777 1262 1842 iuvenem
1285 1777 1350 1841 iam

177 1888 248 1931 esse
272 1866 421 1932 dictitans
444 1865 680 1950 Hieronymum
703 1886 740 1929 uc
768 1865 860 1950 regni
887 1866 1068 1948 potentem
1101 1864 1351 1950 deponendoque
1408 1870 1412 1878 '

176 1955 313 2020 tutelam
335 1955 421 2039 ipse,
450 1977 533 2040 quae
556 1954 800 2036 cumpluribus
824 1951 1003 2018 communis
1027 1957 1109 2034 eret,
1136 1955 1171 2017 in
1195 1976 1229 2018 se
1252 1976 1351 2018 unum

180 2045 324 2107 omnium
346 2044 431 2108 vires
456 2043 623 2107 convertit.

136 2146 158 2210 5
266 2131 330 2196 Vix
367 2131 497 2216 quidem
532 2130 594 2194 ulli
630 2129 718 2195 bono
755 2129 986 2214 moderatoque
1027 2130 1097 2214 regi
1137 2129 1244 2195 facilis
1282 2133 1351 2194 erat

176 2219 269 2285 favor
301 2220 386 2302 apud
419 2217 640 2302 Syracusanos
674 2219 855 2284 succedenti
886 2222 998 2284 tantae
1027 2219 1155 2282 caritati
1183 2217 1353 2303 Hieronis3

214 2398 237 2447 5.
265 2393 374 2464 uellent]
399 2391 444 2446 ein
467 2391 648 2462 gemildeiter
666 2393 738 2446 Ans·
791 2391 1015 2462 ausgedrtickten
1042 2391 1194 2462 Handlung
1224 2395 1273 2460 (=
1292 2409 1353 2448 eum

177 2463 266 2517 druch
298 2465 368 2518 stett
394 2465 518 2518 iuberent
546 2463 613 2517 oder
639 2462 736 2532 dergl.‚
792 2464 945 2532 deponeret)
964 2482 997 2517 zu
1016 2462 1080 2518 dem
1100 2463 1270 2518 Gerundium
1291 2464 1353 2518 hin·

176 2534 242 2589 weil
260 2533 320 2588 dies
334 2535 387 2589 den
402 2533 597 2588 Vcrmtindern
611 2534 676 2588 dem
690 2534 738 2587 de·
792 2535 1066 2604 zugesetztwcrden,
1077 2533 1138 2588 eine
1149 2535 1350 2604 Erecheinung,

177 2604 739 2674 signiertenltegentengegentibernicht
792 2605 837 2659 die
865 2605 1066 2674 grammatisch
1095 2605 1175 2659 nicht
1207 2605 1352 2660 erkltrber

176 2676 301 2732 austand.
791 2674 837 2731 ist.
869 2675 1236 2745 DieserSpruehgebrauch,
1255 2693 1306 2730 vor
1321 2676 1352 2732 L.

211 2747 333 2817 educere]
354 2772 387 2791 =
411 2745 528 2815 τρέφειν
550 2744 736 2814 grossmehen
792 2763 823 2800 sc
841 2748 894 2814 gut
907 2745 960 2801 wie
973 2745 1232 2816 nichtvorhunden,
1246 2746 1285 2801 ist
1297 2762 1353 2800 von

177 2813 497 2872 educare=naudedrw
516 2815 656 2882 erziehcn3
677 2816 734 2884 vgl.
788 2815 848 2870 ihm
867 2817 920 2870 mit
939 2816 1070 2871 Vorliebe
1088 2817 1206 2887 befolgt,
1224 2819 1351 2872 nument·

176 2887 224 2954 30,
244 2893 289 2955 28,
306 2893 324 2940 4
349 2903 410 2941 auru
428 2886 590 2940 Hannibale
613 2917 646 2926 -
667 2888 735 2941 alito
788 2887 846 2941 lich
864 2886 911 2941 bei
928 2888 994 2955 ipse,
1013 2889 1126 2957 quisque
1143 2889 1200 2942 und
1218 2889 1349 2942 Zehleus-

178 2963 258 3026 atque
284 2959 397 3012 educato
419 2958 492 3012 inter
515 2973 606 3023 arna,
633 2974 678 3012 wc
703 2957 733 3011 L.
789 2957 926 3025 drficken3
949 2958 1005 3026 vgl.
1026 2963 1055 3025 b,
1075 2963 1091 3012 8
1110 2960 1242 3014 tendendo
1260 2963 1351 3013 autem

178 3028 315 3096 gerudezu
329 3029 423 3082 educto
438 3033 518 3098 atque
532 3028 734 3082 educatohbtte
789 3030 844 3083 duo
862 3030 900 3082 ad
919 3027 1170 3098 Uarthapiuienses,
1192 3030 1297 3084 Tbraso
1315 3031 1354 3084 ad

175 3098 320 3152 schreiben
346 3099 466 3152 konnen.
509 3099 572 3153 Von
600 3098 683 3168 geisti
705 3115 735 3152 er
788 3099 1353 3155 societateraRomanun-inseconuerte-

174 3169 351 3238 Ausbildung
370 3170 446 3224 steht
464 3171 574 3224 educere
591 3187 613 3223 z.
628 3169 660 3223 Β.
685 3116 734 3238 li,
789 3172 857 3224 bant
874 3171 998 3224 animun
1016 3171 1203 3226 adulescentis.
1240 3170 1286 3238 25,
1305 3177 1349 3239 23,

176 3245 225 3307 19,
244 3246 262 3294 4
284 3257 371 3309 repens
388 3241 554 3295 educendum
571 3241 661 3307 filiurn
679 3239 736 3294 Ro·
794 3247 825 3295 11
845 3257 920 3295 uuus
933 3258 967 3295 ea
980 3241 1116 3296 Romanis
1126 3243 1297 3297 numerando
1313 3243 1353 3296 la·

174 3327 246 3364 ruam
264 3311 375 3366 misisse.
787 3312 868 3380 pides
891 3313 1111 3381 aestimandoque
1132 3314 1190 3382 epse
1214 3329 1303 3368 secun
1318 3343 1352 3352 -

210 3382 301 3453 medo]
330 3383 433 3452 gehbrt
459 3381 538 3437 nicht
561 3400 624 3436 zum
650 3381 737 3436 Zahl-
792 3383 965 3436 altitudinem
982 3384 1057 3437 muri
1072 3399 1236 3452 permensus.
1262 3381 1289 3453 4,
1308 3389 1353 3452 31,

174 3454 255 3520 weit,
275 3455 394 3508 sondern
412 3471 476 3507 zum
495 3469 603 3524 genuen
626 3451 700 3508 Sata.
792 3459 807 3506 2
827 3454 960 3508 tendendo
980 3455 1088 3508 adsue
1106 3456 1218 3524 quisque
1235 3455 1353 3509 consilia

212 3545 235 3596 7.
268 3542 368 3608 paucis
387 3571 420 3580 —-
440 3542 670 3613 adprobantibus]
690 3543 735 3597 die
790 3554 827 3564 ··
845 3530 1020 3608 “vermili-
1135 3595 1157 3608 ..

174 3609 374 3680 Hinzufiigung
387 3611 462 3665 eines
478 3612 595 3667 aweiten
605 3613 735 3668 Ablebs.
826 3595 856 3652 5·
881 3601 904 3651 1·
924 3596 976 3650 “lh
990 3596 1072 3666 bono]
1088 3597 1140 3650 “lli
1148 3597 1187 3679 1Ρῇ
1200 3596 1352 3664 unbetcnt,

175 3681 246 3734 stett
277 3681 327 3734 der
353 3682 538 3750 Anwendung
566 3683 642 3737 eines
666 3683 736 3738 Ocu·
790 3666 840 3720 def
857 3682 945 3735 iiame
959 3667 1129 3720 Nfflhdffl‘ik
1145 3667 1217 3738 hebi
1235 3667 1286 3721 anf
1297 3667 1352 3721 ‘10¹¹
1454 3705 1455 3732 l

172 3750 421 3820 junctionalsataes
440 3753 538 3806 machi
556 3753 601 3806 die
618 3752 736 3808 periodo
789 3735 891 3790 beiden
905 3736 1080 3818 Adjectiven.
1103 3736 1244 3820 hehnlich
1261 3737 1353 3792 heisst
1454 3739 1455 3792 l

174 3821 423 3888 anthemiohtljch,
791 3823 819 3860 es
837 3823 902 3861 vom
922 3807 1034 3862 Servius
1048 3807 1156 3862 Tullius
1169 3808 1194 3876 1,
1208 3814 1253 3876 48,
1273 3815 1289 3862 8
1309 3823 1352 3862 re-

788 3879 886 3946 ynauit
903 3879 954 3944 ita,
972 3884 1004 3931 ut
1017 3879 1086 3932 bone
1100 3880 1183 3934 etiarn
1200 3879 1352 3933 medanto·

789 3965 840 4016 que
857 3950 1010 4003 succedenti
1031 3951 1090 4017 reyi
1117 3950 1242 4016 difficilis
1260 3966 1352 4003 aemu-

790 4019 858 4074 latio
877 4025 950 4074 esset.
1204 4081 1206 4087 k
1254 4085 1256 4090 .
1454 4011 1455 4086 f

826 4094 845 4142 t.
853 4089 977 4159 caritate]
987 4089 1027 4142 im
1035 4089 1196 4145 Deutechen
1209 4090 1296 4144 durch
1307 4089 1355 4144 ein
1454 4129 1455 4134 κ

317 4212 322 4224 ,
418 4211 424 4222 ,
790 4159 854 4229 Adj.
874 4160 1110 4230 wiederuugeben.
1147 4161 1200 4215 Die
1217 4160 1353 4216 Lateiner

210 4214 235 4262 ⁸·
261 4217 365 4266 Olmiai
392 4212 478 4266 Iflflbe
489 4228 538 4267 ³11⁵
546 4211 733 4281 ‘Verflhfflnss’
789 4229 902 4300 pflegen
933 4231 1067 4286 deutsche
1095 4232 1172 4301 Adj.‚
1200 4248 1282 4286 wenn
1309 4230 1352 4286 sie

174 4280 232 4334 und
250 4211 494 4352 H00h⁸0llsti211115
790 4301 868 4354 stsrk
891 4301 990 4356 betcnt
1012 4302 1075 4356 sind
1095 4303 1153 4356 und
1171 4295 1233 4357 eine
1251 4303 1352 4358 beson-

211 4373 236 4422 9.
265 4369 423 4438 npaunda
445 4369 515 4441 ipse]
543 4371 601 4439 ipse
630 4370 669 4426 ist
694 4372 735 4426 ele
790 4371 855 4425 dere
879 4371 1067 4442 Wichtigheit
1087 4373 1134 4426 fiir
1162 4373 1216 4428 den
1242 4389 1353 4443 genuen

174 4437 314 4508 logisches
325 4440 442 4510 subject
451 4440 500 4496 der
512 4440 566 4495 mit
579 4443 736 4510 deponendo
790 4440 943 4498 Gedenken
961 4443 1067 4512 huben,
1091 4444 1179 4499 durch
1202 4443 1248 4498 die
1265 4444 1353 4498 Form

179 3933 183 3940 ·
209 3909 293 3981 uelut]
313 3911 451 3965 erstreclrt
469 3911 528 3965 sich
548 3910 592 3965 bis
610 3912 677 3966 orba
698 3913 735 3966 ci-

176 3981 271 4047 uitate;
291 3980 349 4050 vgl.
368 3979 395 4046 1,
416 3987 488 4049 1c‚2
508 3981 637 4036 Romane
647 3983 736 4051 pubes

173 4052 245 4106 uelut
273 4053 399 4106 orbitatis
425 4057 498 4106 ructu
520 4054 577 4107 ieta
603 4058 734 4108 numum

174 4122 349 4191 aliquandiu
366 4124 506 4178 silentium
525 4124 651 4179 obtinuit.
