2962 4956
222 275 266 340 64
559 275 669 329 LIBER
687 274 800 331 XXIIII.
820 274 896 330 CAP.
916 281 959 333 37.
981 282 1023 333 38,
1241 301 1263 332 a.
1278 301 1306 331 ιι.
1333 302 1359 332 ο.
1385 295 1433 334 541

186 455 289 504 enon
312 437 398 501 servi
420 437 455 500 in
478 437 659 502 custodiam
681 438 794 502 traditi
818 440 927 503 essent
948 436 1113 503 Romanis.
1158 438 1271 522 itaque
1295 439 1431 505 claves

222 529 389 611 portarum
412 526 502 590 reddi
525 525 587 590 sibi
611 549 747 611 aequom
771 530 917 590 oensent:
946 526 1041 590 bonis
1065 526 1161 592 sociis
1184 526 1286 590 fidem
1316 549 1428 592 suam

223 615 400 679 maximum
423 615 586 679 vinculum
610 636 693 698 esse,
716 615 818 679 etita
841 615 904 679 sibi
926 614 1082 698 populum
1096 614 1284 679 Romanum
1312 638 1425 680 sena-

221 707 354 786 tumque
385 703 507 788 gratias
535 702 736 786 habiturum,
765 704 793 767 si
815 704 960 768 volentes
984 724 1021 766 ee
1043 724 1112 767 non
1135 704 1238 767 coacti
1262 707 1425 769 mansis-

185 806 201 856 8
222 794 294 856 sent
321 791 356 854 in
384 791 536 856 amicitia.
582 791 623 856 ad
651 813 689 856 ea
711 791 879 856 Romanus
909 813 942 856 se
965 791 1001 855 in
1023 791 1184 875 praesidio
1207 792 1422 874 impositum

220 901 290 944 esse
320 878 423 944 dicere
453 879 494 943 eb
524 879 720 963 imperatore
748 902 807 946 suo
840 881 1011 963 clavesque
1036 883 1205 963 portarum
1234 883 1269 944 et
1300 885 1421 947 eusto-

220 969 307 1033 diam
331 967 414 1032 areis
438 967 535 1032 abeo
559 969 736 1052 accepisse,
759 991 841 1052 quae
864 990 923 1032 nee
944 990 1004 1050 suo
1029 989 1089 1032 nec
1101 967 1340 1034 Hennensium
1365 992 1419 1034 ar-

185 1057 319 1122 ebitrio
351 1056 500 1138 haberet,
532 1055 587 1120 sed
615 1057 683 1120 eius
711 1057 768 1142 qui
790 1057 1016 1122 commisisset.
1061 1057 1221 1140 praesidio
1245 1058 1416 1123 decedere

222 1145 307 1229 apud
330 1144 497 1209 Romanos
525 1145 644 1228 capital
672 1167 756 1228 esse,
784 1149 817 1209 et
844 1167 922 1210 neee
945 1145 1120 1210 liberorum
1144 1145 1242 1209 etiam
1266 1167 1415 1212 suorum

221 1255 293 1298 eem
315 1234 444 1297 metam
465 1237 617 1316 parentes
636 1233 793 1300 sanxisse.
830 1233 994 1298 consulem
1008 1232 1199 1298 Marcellum
1217 1233 1313 1299 haud
1334 1258 1414 1318 pro-

220 1323 271 1386 cul
296 1343 378 1386 esse:
411 1320 452 1385 ad
475 1342 548 1384 eum
571 1323 739 1387 mitterent
761 1322 902 1407 legatos,
932 1322 1023 1386 ouius
1046 1322 1124 1386 iuris
1148 1325 1246 1406 atque
1270 1323 1411 1388 arbitrii

168 1426 200 1476 ιο
219 1430 268 1474 res
296 1412 390 1474 esset.
436 1430 470 1472 se
499 1429 574 1473 vero
603 1431 722 1494 negare
751 1411 800 1474 illi
822 1410 979 1474 missuros
1016 1410 1205 1495 testarique,
1237 1411 1269 1475 si
1293 1413 1411 1478 verbis

219 1498 302 1561 nihil
334 1500 484 1581 agerent,
515 1497 692 1562 vindiotem
724 1499 865 1583 aliquam
897 1498 1055 1562 libert-etis
1084 1521 1161 1563 suae
1184 1500 1411 1582 quaesituros.

167 1603 201 1651 11
220 1589 290 1651 tum
306 1584 470 1649 Pinarius:
494 1586 611 1670 atilli,
635 1587 664 1650 si
686 1587 727 1651 ad
751 1587 917 1651 consulem
940 1590 1154 1671 gravarentur
1171 1587 1318 1671 mittere,
1345 1589 1410 1653 sibi

221 1674 335 1738 saltem
359 1672 472 1737 darent
495 1675 608 1758 populi
632 1675 817 1758 concilium,
852 1679 888 1739 ut
912 1675 1058 1753 sciretur,
1075 1678 1197 1740 utrum
1220 1697 1408 1758 paucorum

222 1784 260 1826 ee
283 1761 485 1827 denuntiatio
509 1785 551 1827 an
574 1764 743 1828 universae
766 1764 905 1828 civitatis
929 1767 1022 1829 esset.
1059 1784 1216 1828 consensa
1233 1763 1270 1827 in
1289 1770 1407 1849 poste-

220 1873 292 1915 rum
316 1851 400 1915 diem
424 1851 541 1916 contio.

165 1939 209 2005 38
308 1938 487 2025 Postquam
511 1941 552 2004 ab
577 1962 614 2004 eo
639 1940 811 2024 conloquio
835 1939 870 2003 in
893 1961 1000 2004 arcem
1023 1961 1093 2004 sese
1115 1941 1251 2024 recepit,
1276 1963 1401 2008 eonve-

219 2028 301 2091 eatis
330 2029 396 2092 suis
426 2025 532 2092 ‘credo
562 2049 623 2112 ego
648 2050 705 2093 vos
729 2028 871 2106 audisse,
904 2026 1045 2110 milites,
1067 2026 1185 2112 inquit,
1218 2027 1336 2112 ‘quem
1363 2031 1401 2096 sd

218 2116 349 2180 modum
373 2115 537 2198 praesidia
559 2115 708 2181 Romana
733 2116 773 2180 eb
799 2115 915 2182 Siculis
939 2116 1158 2181 circumventa
1182 2120 1215 2180 et
1238 2138 1401 2201 oppressa

218 2305 311 2360 haben
329 2305 380 2360 dse
398 2305 490 2360 Reoht
507 2305 556 2359 der
571 2306 779 2362 Selbstbestim-
832 2307 958 2362 besitzen
972 2308 1061 2376 sollte,
1076 2308 1155 2362 oder:
1176 2307 1237 2361 ‘um
1253 2307 1356 2365 beides
1367 2342 1398 2350 —

218 2394 306 2446 mung
320 2377 390 2430 iiber
403 2376 475 2431 uns’.
503 2377 634 2432 Dieselbe
647 2379 778 2446 hbrbeuf,
832 2397 868 2432 au
886 2379 931 2418 -'

218 2463 299 2502 wenn
317 2464 383 2501 man
401 2448 589 2502 unterworfen
609 2451 641 2503 in
660 2455 778 2518 potesta-
868 2455 893 2505 9.
906 2449 1047 2518 praesidio
1056 2449 1190 2520 decedere]
1201 2449 1257 2519 vgl
1269 2467 1305 2504 au
1316 2457 1362 2520 14,
1374 2459 1397 2506 7.

217 2523 269 2572 tem
291 2520 412 2572 alieuius
434 2519 571 2588 rediettur
592 2521 660 2574 oder
677 2523 710 2575 ia
727 2537 779 2589 po·
868 2521 981 2575 arbitrii
998 2536 1041 2574 ree
1059 2520 1137 2590 esset]
1156 2521 1212 2588 vgl.
1232 2525 1276 2589 39,
1297 2528 1322 2574 2.

218 2593 312 2642 testate
330 2591 366 2644 al.
386 2595 441 2654 est;
458 2592 516 2660 vgl.
534 2607 569 2644 zu
589 2598 612 2657 1,
633 2598 656 2646 1.
869 2597 911 2644 10.
943 2591 1106 2660 aedictum]
1135 2592 1196 2644 hier
1222 2589 1319 2646 Mittel
1347 2613 1396 2648 zur

252 2660 353 2714 traditi
370 2661 467 2731 essent]
486 2664 565 2730 passt
581 2662 634 2730 eig.
650 2680 779 2716 nuruum
832 2662 1027 2731 Besehdtaung
1045 2677 1144 2732 wegen
1161 2668 1299 2730 quaerere,
1318 2669 1395 2719 sonet

216 2729 323 2785 letnten
346 2733 418 2786 serva*
439 2733 472 2785 tn
494 2748 515 2786 e.
540 2732 596 2784 und
621 2748 650 2786 es
673 2731 778 2787 konnee
833 2733 878 2786 die
919 2732 1128 2802 Besohdtzung,
1169 2731 1395 2806 Vertheidigung

217 2800 305 2855 daher
328 2820 362 2856 zu
385 2803 431 2856 lib.
453 2803 486 2855 ia
503 2817 524 2856 s.
549 2802 623 2855 etwa
645 2803 779 2857 venissent
832 2802 928 2867 selbst,
957 2821 979 2858 a.
1003 2803 1034 2856 Β.
1054 2801 1104 2870 34,
1123 2808 1172 2872 49,
1192 2809 1207 2856 3
1235 2804 1336 2859 civitae
1364 2809 1394 2861 in

216 2871 340 2940 gedecht
358 2873 483 2939 werden,
503 2871 728 2928 einlaohereber
741 2873 779 2927 ist
831 2875 895 2942 ipsu
912 2874 1036 2928 vindicta
1054 2874 1189 2936 libertatis
1202 2874 1316 2941 peribit.

217 2957 260 3009 es,
280 2941 326 2996 die
343 2943 452 3011 passive
469 2943 552 2996 Form
570 2943 609 2996 im
628 2944 777 2999 reflexiven
868 2949 909 2996 11.
929 2949 958 2997 at
975 2944 1031 3014 illi]
1050 2947 1156 2998 musete
1171 2944 1235 2998 dem
1248 2946 1393 3016 senstigen

172 3015 176 3028 '
217 3010 302 3066 Sinne
321 3029 356 3064 zu
378 3013 511 3078 nehmen,
534 3014 587 3067 wie
606 3032 628 3070 a.
649 3015 677 3070 B.
698 3021 777 3083 36,4
832 3013 1080 3083 Spreehgebraueh
1100 3015 1148 3068 des
1163 3015 1193 3068 L.
1213 3020 1325 3084 gembss
1344 3035 1393 3074 vor

216 3098 323 3135 vesum
346 3083 420 3150 (esee)
444 3083 501 3137 und
524 3087 603 3138 sonet
623 3086 678 3154 oft,
702 3106 724 3140 n,
745 3086 775 3144 B.
830 3087 885 3139 stet
907 3086 1014 3150 selum,
1037 3085 1097 3139 also
1122 3085 1216 3142 hinter
1236 3086 1302 3140 dem
1323 3087 1390 3143 Con·
1452 3101 1453 3120 ²

216 3168 288 3221 gena
307 3153 485 3221 gewohnlioh
502 3155 573 3208 dedi.
831 3155 1013 3209 dioionalsatz
1027 3157 1137 3210 stehen=
1155 3157 1181 3210 si
1195 3187 1228 3196 -
1242 3173 1390 3224 yraearee-

253 3229 277 3277 ⁷.
296 3239 328 3292 p.
342 3222 378 3276 R.
396 3225 584 3295 neonemque]
608 3226 777 3294 ungewohn-
830 3232 890 3292 tur,
914 3242 944 3280 so
967 3225 1069 3280 sollten
1092 3225 1133 3280 sie
1155 3227 1250 3281 ‘doeh’
1275 3231 1390 3300 (wenig-

217 3293 291 3348 liohe
323 3293 466 3364 Stellung,
501 3295 547 3349 bei
579 3297 699 3349 welcher
731 3297 776 3352 die
830 3300 916 3363 siens)
931 3319 974 3364 -ς
992 3297 1050 3366 vgl.
1067 3296 1095 3363 8,
1113 3303 1155 3363 1'1,
1170 3303 1186 3351 8
1203 3299 1232 3351 si
1249 3313 1295 3352 eos
1313 3301 1390 3356 urbis

216 3363 317 3418 beiden
336 3367 415 3419 sonst
437 3366 518 3420 einen
533 3365 781 3436 Gesemmtbegriff
829 3368 909 3422 nulla
927 3383 995 3422 eura
1017 3369 1121 3437 tenuit,
1144 3373 1174 3422 at
1191 3384 1238 3423 eos
1259 3373 1389 3426 veremini

216 3435 442 3490 bezeichnenden
472 3435 637 3492 Ausdrfioke
669 3437 777 3492 einzeln
829 3439 892 3492 deos
909 3443 1016 3494 vestes.

216 3505 316 3560 betont
333 3507 453 3561 werden.
868 3515 908 3562 11.
932 3525 1062 3563 consensa
1080 3510 1180 3580 contio]
1201 3510 1301 3565 ebenso
1319 3511 1347 3581 8,
1365 3521 1387 3582 6,

251 3578 358 3644 oratius
375 3578 545 3647 habiturum]
567 3578 613 3632 die
627 3578 776 3634 elassisohe
831 3585 847 3634 8
870 3581 1004 3633 emmer
1029 3585 1141 3634 senam
1163 3582 1269 3635 bellem.
1305 3581 1387 3638 Diese

215 3645 303 3701 Prosa
333 3647 489 3715 gebrauoht
522 3650 628 3717 pretim
664 3652 775 3719 (oratos)
830 3649 1074 3719 Verbindungvon
1082 3653 1230 3706 consentire
1238 3651 1385 3708 miteinem

216 3719 776 3857 lislrl'lb'ldllstlttsrdl
829 3720 1385 3862 lbillrllzlsstslmeltssrl

215 3857 399 3928 Verbiudung
416 3857 469 3913 mit
488 3877 566 3928 αρσια
580 3864 613 3929 (z.
628 3862 658 3915 Β.
674 3861 775 3931 28,11,
829 3810 908 3918 eoiret
920 3864 1070 3917 consentire
1087 3864 1125 3918 ed
1140 3810 1208 3917 odii·
1221 3865 1253 3916 ιἰι
1271 3865 1381 3932 aliquid.

217 3934 250 3981 12
268 3934 359 3996 qratee
376 3931 434 3983 deis
451 3930 645 3987 inmortalibus
660 3935 708 4002 aqi
725 3935 773 3988 be·
865 3932 914 3988 38.
934 3939 957 3987 1.
978 3934 1013 3987 ab
1027 3949 1057 4006 eo
1071 3933 1247 4003 conleqetob.
1260 3940 1342 4002 null,
1359 3944 1381 3992 6.

215 3999 342 4068 debut).
370 3998 427 4052 Der
444 3999 590 4056 Ausdruek
608 4020 645 4057 an
662 4021 775 4059 unserer
864 4004 942 4058 oredo
960 4019 1007 4072 eoo
1022 4004 1082 4074 eos]
1098 4004 1143 4058 ein
1154 4003 1382 4062 beliebterllede-

216 4067 303 4124 Stelle
322 4071 361 4123 ist
378 4070 438 4124 eleo
457 4071 618 4129 euffallend.
654 4127 664 4148 ⁸
827 4073 934 4142 enfang
953 4073 999 4129 bei
1016 4075 1057 4143 In,
1075 4075 1129 4128 wie
1147 4075 1193 4143 21,
1212 4081 1256 4143 21,
1275 4082 1290 4130 3
1307 4079 1382 4132 credo

250 4141 292 4193 ita
313 4169 345 4180 -
363 4139 400 4210 ει]
421 4158 442 4196 s.
461 4159 495 4194 zu
516 4150 556 4211 16,
578 4150 619 4198 13.
827 4160 939 4214 eeoeos,
958 4146 1057 4214 ιἰιᾳιιὲι,
1075 4146 1150 4214 socii,
1166 4147 1381 4214 erponem

250 4216 275 4265 8.
294 4211 326 4264 in
343 4213 486 4279 praesidio
508 4215 676 4285 trepontum]
701 4234 722 4270 s.
741 4231 774 4270 ru
829 4215 911 4283 (auch
930 4214 985 4272 Cio.
1008 4215 1125 4284 beginnt
1148 4215 1223 4271 seins
1241 4216 1315 4272 Rode
1330 4235 1379 4286 pro

216 4287 259 4350 19,
277 4285 302 4335 6.
828 4287 890 4341 Sex.
917 4287 996 4343 Rosa.
1022 4286 1113 4344 Amet.
1142 4287 1207 4340 mit:
1235 4289 1310 4342 erede
1333 4305 1378 4357 eqo

144 4353 150 4364 '
250 4369 319 4421 quae
332 4353 450 4426 hebed]
466 4355 533 4426 eig.:
548 4355 773 4426 (beides)Dinge,
827 4373 882 4425 eos,
891 4358 1003 4426 iudices,
1012 4359 1134 4427 mirare),
1148 4357 1377 4428 andereAnllnge

214 4421 260 4476 die
280 4439 310 4476 er
326 4423 355 4478 in
373 4426 463 4480 seiner
477 4425 587 4482 Gewalt
605 4428 698 4482 haben
715 4428 774 4481 und
828 4426 892 4482 sind
903 4429 959 4482 scio
971 4444 1026 4498 eoo,
1041 4445 1120 4497 saepe
1129 4445 1184 4498 eoo,
1193 4431 1303 4499 tamayo
1315 4449 1338 4485 u
1350 4446 1374 4484 a.
