2962 4956
61 311 88 342 ι.
109 299 164 341 01...
183 310 205 338 n.
223 299 272 339 re.
469 281 578 336 urana
592 281 703 337 rann.
723 281 802 338 cac.
818 287 860 338 se.
880 289 922 338 se.
1209 280 1251 346 61

61 448 178 512 fectus
209 443 443 529 Carthaginem
476 444 667 529 adiutusque
696 444 743 508 ibi
767 447 800 508 et
827 444 868 508 ab
895 444 1013 528 legatis
1041 443 1265 528 Hippocratis·

61 540 103 600 et
136 535 256 600 litteris
279 531 489 617 Hannibalis,
522 533 576 618 qui
604 533 731 598 venisse
758 537 888 616 tempus
912 532 1020 598 aiebat
1044 529 1174 598 Siciliae
1196 555 1254 617 per

63 645 236 688 summum
268 621 366 686 decus
387 622 593 704 repetendae,
626 625 659 685 et
681 622 750 705 ipse
772 621 860 686 haud
883 642 1161 709 vanuspraeeens
1184 637 1289 687 mot

64 713 162 777 nitor
189 710 285 775 facile
313 710 512 794 perpulerat,
544 709 584 774 ut
610 713 750 794 quantae
773 709 931 774 maximae
954 713 1087 794 possent
1109 709 1253 793 peditum

65 801 281 884 equitumque
315 799 426 882 copiae
456 799 491 862 in
514 796 659 863 Siciliam
687 798 907 863 traicerentur.
954 798 1128 862 adveniens
1150 797 1288 864 Hera-e

67 890 183 972 eliam,
199 888 287 952 intra
314 909 434 970 paucos
462 886 537 952 inde
561 887 629 951 dies
652 886 871 970 Agrigentum
894 887 1029 971 recepit3
1052 886 1253 970 aliarumque

68 977 272 1060 civitatium,
296 996 378 1060 quae
401 975 503 1059 partis
527 973 846 1060 Carthaginiensium
870 977 976 1058 erant,
1000 975 1079 1039 adeo
1098 996 1252 1040 accensae

70 1069 152 1130 sunt
182 1085 255 1149 spes
285 1064 326 1128 ad
355 1063 522 1148 pellendos
547 1062 658 1129 Sicilia
685 1063 862 1146 Romanos,
893 1067 930 1127 ut
958 1067 1124 1147 postremo
1154 1064 1252 1128 etiam

71 1153 133 1239 qui
156 1153 388 1218 obsidebantur
403 1149 571 1236 Syracusis
596 1152 722 1216 animos
746 1152 943 1216 sustulerint.
980 1156 1012 1217 et
1034 1155 1127 1236 parte
1146 1153 1286 1236 copia-7

71 1265 147 1307 rum
176 1242 256 1306 satis
287 1240 415 1306 defendi
443 1241 555 1306 urbem
583 1261 678 1325 posse
701 1241 765 1306 rati
786 1239 834 1304 ita
855 1241 940 1305 inter
963 1262 997 1305 se
1021 1261 1154 1305 munera
1176 1240 1254 1304 belli

71 1330 187 1414 partiti
207 1333 300 1410 sunt,
319 1332 356 1393 ut
368 1328 531 1413 Epicydes
550 1331 714 1413 praeesset
733 1329 897 1394 custodiae
916 1329 1019 1412 urbis,
1036 1329 1253 1413 Hippocrates

73 1418 252 1483 Himilconi
275 1418 465 1483 coniunctus
488 1417 609 1482 bellum
633 1417 787 1482 adversus
810 1419 975 1482 consulem
993 1418 1176 1482 Romanum
1199 1437 1252 1502 ge·

76 1509 173 1572 reret.
211 1527 284 1570 cum
307 1506 416 1570 decem
435 1506 567 1570 milibus
586 1506 747 1590 peditum,
771 1505 957 1590 quingentis
977 1506 1139 1591 equitibus
1158 1508 1253 1570 nocte
1272 1522 1288 1571 8

74 1617 133 1678 per
162 1594 349 1659 intermissa
379 1594 533 1659 custodiis
563 1595 636 1660 loca
665 1593 831 1678 profectus
862 1598 969 1659 castra
999 1595 1084 1659 circa
1113 1594 1252 1659 Acrillas

74 1683 190 1747 urbem
220 1682 373 1765 ponebat.
418 1683 640 1748 munientibus
670 1682 856 1766 supervenit
884 1681 1057 1748 Marcellus
1088 1683 1129 1747 ab
1157 1681 1287 1766 Agri-9

75 1774 176 1856 gente
204 1770 270 1835 iam
299 1774 470 1855 occupato,
499 1791 573 1836 cum
596 1771 717 1835 frustra
740 1791 778 1834 eo
801 1771 991 1853 praevenire
1013 1771 1142 1836 hostem
1164 1769 1253 1835 festi-

75 1881 159 1923 nans
183 1858 386 1943 tetendisset,
407 1860 552 1940 rediens,
574 1858 658 1922 nihil
680 1859 788 1923 minus
807 1863 898 1924 ratus
918 1881 1015 1943 quam
1032 1859 1090 1924 illo
1107 1862 1253 1942 tempore

77 1969 114 2012 ac
142 1947 214 2011 loco
239 1944 478 2030 Syracusanum
506 1947 569 2012 sibi
597 1947 771 2012 exercitum
795 1947 926 2012 obvium
948 1946 1032 2030 forc3
1065 1947 1121 2012 sed
1143 1950 1253 2011 tamen
1273 1962 1307 2011 10

77 2039 167 2100 metu
181 2033 377 2100 Himilconis
392 2035 647 2119 Poenorumque,
666 2039 703 2099 ut
721 2036 838 2120 quibus
855 2057 1062 2120 nequaquam
1080 2036 1127 2098 eis
1141 2034 1254 2119 copiiS,

79 2145 159 2208 quas
182 2123 337 2205 habebat,
360 2146 419 2208 par
443 2127 541 2207 esset,
564 2145 661 2209 qnam
685 2128 814 2208 poterat
835 2124 975 2188 maxime
994 2124 1138 2188 intentus
1158 2126 1254 2206 atque

79 2213 208 2297 agmine
238 2212 278 2275 ad
302 2234 413 2277 omnes
438 2234 532 2278 casus
556 2213 734 2296 composito
757 2212 835 2276 ibat.
880 2212 965 2277 forte
988 2234 1027 2277 ea
1049 2234 1139 2296 cura,
1171 2232 1253 2295 quae
1263 2211 1307 2277 36

78 2301 229 2365 adversus
253 2299 380 2366 Poenos
413 2305 606 2386 praeparata
637 2306 721 2385 crat,
753 2300 907 2366 adversus
930 2299 1055 2366 Siculos
1083 2301 1156 2366 usui
1182 2300 1254 2365 fuit.

78 2389 194 2453 castris
217 2389 377 2471 ponendis
399 2390 634 2473 incompositos
658 2400 696 2454 ac
718 2389 882 2472 dispersos
904 2392 1043 2454 nanctus
1063 2411 1117 2454 eos
1136 2393 1170 2454 et
1187 2390 1254 2472 ple-
1360 2393 1363 2403 '

78 2499 195 2561 rosque
213 2478 363 2560 inermes,
386 2478 472 2561 quod
491 2477 636 2561 peditum
654 2477 725 2559 fuit,
744 2477 967 2560 circumvenit3
991 2498 1088 2563 eques
1106 2477 1170 2541 levi
1189 2497 1254 2541 cer-

79 2568 202 2630 tamine
224 2565 307 2630 inito
331 2585 404 2629 cum
426 2565 627 2650 Hippocrate
650 2563 752 2630 Acras
775 2565 928 2650 perfugit.

165 2651 216 2718 Ha
237 2675 349 2739 pugna
374 2654 556 2719 deficientes
580 2653 621 2718 ab
635 2653 793 2718 Romanis
813 2675 886 2718 cum
905 2653 1104 2718 cohibuisset
1118 2651 1253 2736 Siculos,
1273 2669 1288 2717 2

80 2741 252 2806 Marcellus
290 2739 466 2825 Syracusas
506 2741 621 2824 rediit3
666 2747 700 2806 et
740 2745 816 2826 post
851 2764 971 2826 paucos
1008 2741 1076 2806 dies
1112 2740 1254 2806 Himilco

82 2830 233 2894 adiuncto
246 2828 446 2914 Hippocrate
470 2831 511 2895 ad
529 2831 649 2894 flumen
663 2829 830 2915 Anapum,
853 2834 926 2895 octo
945 2830 1045 2894 ferme
1063 2830 1138 2894 inde
1156 2829 1255 2913 milia,

115 3097 140 3146 5.
162 3093 239 3146 head
256 3107 347 3146 cacas
360 3107 492 3160 praesens
507 3091 637 3161 monitor]
728 3091 777 3148 86.
808 3099 832 3146 1.
856 3093 954 3146 castris
967 3093 1116 3174 paneadis]
1135 3091 1174 3146 ist
1191 3108 1255 3147 oac-

80 3163 126 3217 die
149 3162 178 3216 in
201 3162 247 3216 die
265 3162 348 3217 Mitte
371 3162 501 3231 gestellte
520 3161 640 3232 Apposi·
694 3163 775 3232 saler,
790 3163 843 3232 eig.
858 3163 1001 3217 absolutor
1009 3163 1074 3218 Abl.
1091 3163 1131 3218 ‘m
1144 3163 1255 3232 Folge’,

80 3232 140 3288 tion
158 3232 197 3288 ist
212 3233 408 3302 begrr'indend:
432 3232 477 3288 ein
499 3234 576 3288 head
593 3249 641 3287 aa·
693 3233 873 3288 verschieden
885 3251 940 3288 von
954 3235 986 3288 ta
1000 3235 1098 3288 caetris
1111 3249 1187 3302 poa,
1206 3233 1255 3288 ob-

79 3321 140 3372 aas,
162 3303 248 3358 ‘weil’
268 3319 397 3373 praesens
414 3304 540 3358 monitor.
694 3303 787 3373 gleioh
814 3305 866 3358 wir
893 3305 965 3359 auch
989 3305 1070 3374 janes
1098 3304 1151 3358 mit
1179 3303 1252 3357 ‘bei’

76 3416 80 3421 .
115 3381 233 3444 quantae
250 3374 398 3446 maximae]
419 3392 440 3430 s.
459 3392 493 3428 au
511 3379 555 3442 21,
574 3380 600 3430 4.
694 3376 856 3430 iibersetren
882 3375 1007 3442 kdnnen3
1039 3391 1069 3429 so
1093 3374 1142 3440 25,
1171 3379 1254 3441 30,6

116 3453 139 3502 6.
158 3445 332 3518 Heracliam]
352 3464 373 3500 s.
392 3465 427 3500 an
445 3451 488 3513 26,
509 3451 532 3500 1.
690 3447 821 3514 partibas
839 3446 995 3500 diuidendis
1008 3446 1065 3514 ipsi
1077 3447 1152 3514 regio
1168 3445 1256 3499 evenit

117 3524 140 3574 7.
158 3516 194 3588 et]
215 3516 284 3571 ‘und
307 3517 417 3582 daher’3
434 3517 491 3586 vgl.
510 3517 556 3584 21,
571 3523 641 3586 24‚3
696 3518 731 3571 ab
749 3517 888 3570 Arethusa
909 3532 993 3586 usqae
1011 3517 1048 3570 ad
1070 3517 1169 3570 ostiam
1188 3531 1255 3586 por-

82 3588 206 3657 coatoqat
228 3602 256 3641 ce
278 3603 339 3640 eam
363 3588 421 3641 iltis
446 3589 523 3654 velle,
551 3593 576 3642 et
598 3589 642 3642 tat
695 3591 747 3641 tas.
771 3585 818 3654 26,
837 3592 881 3654 48,
900 3592 917 3640 2
936 3589 1018 3654 (cam)
1037 3587 1171 3656 cupienda
1190 3587 1256 3642 urbe

76 3659 194 3728 propias
212 3658 375 3712 mordeant.
695 3663 803 3712 tamtan
822 3659 925 3713 latoria
943 3659 1064 3712 adiacent
1082 3657 1140 3712 und
1158 3657 1208 3712 oft.

117 3735 142 3784 8.
169 3727 327 3781 intermissa
344 3728 475 3782 custodite
493 3726 564 3796 loca]
588 3727 641 3782 wie

82 3803 167 3864 46,1
194 3803 303 3864 partem
329 3798 475 3867 neglectam
503 3799 642 3864 custodia·

82 3869 153 3922 auch
175 3868 249 3922 ohne
270 3867 325 3922 den
344 3869 443 3922 Zosata
466 3869 597 3923 custodiis
615 3887 637 3922 a.

82 3940 112 3992 B.
132 3936 177 4006 84,
196 3943 240 4006 37,
260 3945 276 3992 8
290 3954 344 4006 per
361 3940 516 3994 inaratam
534 3941 641 3994 moenia

82 4010 342 4066 asmantiam.

731 3764 918 3834 circumvenit]
952 3763 1002 3818 das
1029 3763 1195 3832 Umzingeln
1225 3763 1256 3817 in

694 3834 861 3889 ieindlicher
871 3834 989 3888 Absioht
1000 3835 1100 3888 nimmt
1110 3835 1161 3903 oft,
1176 3850 1256 3889 wenn

693 3905 777 3959 keine
790 3905 917 3974 Rettung
930 3905 1096 3974 stattfindet,
1115 3905 1168 3959 wie
1187 3905 1255 3972 hier,

694 3975 741 4030 die
758 3975 926 4046 Bedeutung
948 3976 997 4030 des
1015 3975 1256 4044 Ueberwtltigens

117 4079 641 4207 tuttutgppfphqugg
694 4047 982 4183 tarantas-
1000 4047 1144 4186 pecs
1164 4046 1257 4169 aa

84 4219 146 4275 sm
174 4221 364 4294 schwerfgffig
391 4222 449 4276 ,md
476 4222 641 4290 fibefladen,
695 4189 815 4258 equitum
834 4188 868 4241 ob
885 4188 1047 4243 Hannibale
1065 4187 1254 4242 circumventa.

83 4293 187 4347 redicas
200 4312 227 4348 u.
246 4295 382 4361 sectatores
395 4292 558 4364 (eoncessiv)
573 4310 642 4348 wer·
731 4287 756 4349 Ξ.
772 4294 935 4365 dejicientes]
947 4295 973 4348 d.
986 4293 1037 4346 ‘im
1045 4281 1142 4347 Abfall
1153 4290 1256 4360 begrif-

84 4361 136 4416 den
149 4379 195 4416 am
208 4364 308 4421 besten
319 4367 408 4420 durch
419 4364 512 4419 Subst.
527 4363 642 4419 wieder-
696 4365 743 4419 fen
757 4365 838 4432 sein';
857 4366 1031 4430 actitabant,
1050 4362 1102 4416 wie
1113 4361 1159 4416 die
1168 4362 1256 4432 Folge

84 4434 215 4503 gegeben.
696 4436 779 4507 aeigi,
798 4454 851 4490 nur
866 4435 914 4490 fiir
932 4436 987 4490 den
1004 4432 1188 4503 Augenbliclr.
