2962 4956
96 334 117 363 ι.
136 321 189 364 ons.
208 333 232 363 n.
251 311 297 364 assi
483 307 593 363 LIBER
611 307 725 364 XXIIII.
744 307 822 364 CAP.
842 315 885 363 49.
1234 306 1277 371 83

97 472 209 556 copias
232 471 384 555 armavit,
412 493 485 536 eum
509 471 626 556 quibus
649 470 684 534 in
705 469 897 552 Hispaniam
921 474 1060 556 angusto
1084 470 1276 554 diremptam
1295 487 1312 534 6

93 561 180 624 frelo
211 560 375 624 braioerel.
420 561 474 624 sed
493 558 668 624 Masinissa
702 580 775 624 oum
806 559 928 624 viatore
956 560 1098 624 exeroilu
1131 559 1276 642 adveni’o3

93 650 186 732 isque
210 648 256 712 ibi
279 669 352 712 oum
374 646 520 732 Syphace
543 647 669 732 ingenti
692 647 796 732 gloria
819 669 878 731 per
902 670 936 712 se
961 648 1028 712 sine
1051 647 1126 712 ullis
1141 647 1275 714 Cartha-

94 737 291 822 giniensium
314 736 430 821 opibus
454 737 556 821 gessit
578 735 709 800 bellum.

183 825 225 889 In
246 823 409 908 Hispania
436 825 519 889 nihil
547 824 758 888 memorabile
786 827 916 909 gestum
939 828 1167 910 praeberquam
1190 826 1311 910 quod⁷

96 913 295 980 Celtiberum
316 914 516 978 iuventutem
540 913 653 977 eadem
676 913 833 996 mercede,
857 936 921 999 qua
939 917 1036 997 pacta
1055 935 1127 978 oum
1142 912 1275 980 Cartha·

94 1003 298 1088 giniensibus
326 1005 410 1086 erat,
442 1002 655 1087 imperatores
678 1001 819 1066 Romani
848 1003 888 1066 ad
917 1024 951 1066 se
978 1003 1210 1086 perduxerunt,
1242 1007 1311 1068 ebs

92 1091 316 1157 nobilissimos
334 1090 500 1176 Hispanos
523 1113 622 1175 supra
643 1093 807 1156 breoentos
831 1091 867 1154 in
884 1090 1015 1155 Italiam
1038 1091 1079 1156 ad
1098 1091 1274 1157 sollicitan-

96 1180 156 1246 dos
189 1179 375 1264 populares,
407 1181 462 1261 qui
490 1180 576 1244 inter
606 1179 727 1244 auxilia
749 1177 946 1244 Hannibalis
969 1184 1076 1264 erant,
1108 1180 1275 1244 miserunb

92 1268 142 1351 [id
158 1268 256 1334 modo
274 1269 342 1333 eius
363 1269 442 1332 anni
459 1268 495 1332 in
508 1267 669 1352 Hispania
687 1266 937 1345 admemoriam
955 1268 1083 1354 insigne
1102 1271 1166 1352 est,
1189 1268 1275 1353 quod

94 1357 353 1422 mercennarium
385 1356 523 1420 militem
555 1357 590 1420 in
622 1356 738 1420 eastris
770 1356 933 1421 neminem
966 1360 1041 1421 ante
1073 1379 1171 1441 quam
1204 1361 1275 1421 tum

93 1443 274 1510 Celtiberos
297 1445 438 1510 Romani
460 1441 664 1531 habuerunl]

130 1619 235 1689 eolsmt]
262 1619 333 1685 abs,
363 1617 417 1672 wie
442 1617 485 1674 oft
509 1619 581 1674 anah
608 1619 658 1674 das
712 1619 817 1674 seinem
845 1619 1000 1674 Nachtbeil
1030 1619 1101 1674 ‘sieb
1128 1620 1275 1690 verpflioh·

91 1691 236 1760 bbufigere
255 1691 381 1746 incoant
398 1689 458 1744 abs.
477 1690 569 1745 steht..
672 1697 675 1704 ’
711 1690 804 1760 tebe').

130 1767 155 1815 6.
174 1759 232 1832 sed]
261 1760 354 1814 ‘aber
377 1778 441 1814 zum
458 1762 573 1816 traicere
590 1761 658 1816 kam
748 1767 772 1816 8.
792 1761 823 1815 id
835 1761 933 1884 πιοῶοέ1
942 1760 1001 1814 dies
1016 1760 1124 1829 sinzige
1133 1759 1275 1830 Ereignis3

91 1849 124 1886 es
143 1831 235 1896 nieht,
254 1832 328 1886 denn
347 1875 354 1886 .
374 1831 392 1885 .’
711 1833 770 1886 eius
788 1834 859 1886 anni
877 1832 912 1884 ah
934 1831 1021 1902 angig
1038 1835 1093 1884 v'on
1110 1832 1150 1886 id.

90 1902 658 2043 ΜΜΜῑὲῒῑ
712 1937 1275 2078 masmanna?aa

88 2045 521 2185 vgiizouelisb'eriim]s.au8,10;
539 2131 570 2168 so
579 2113 659 2169 nieht
711 2079 900 2149 Emeum&
918 2079 975 2150 ‘'8¹-
995 2097 1030 2132 ΖΠ
1050 2084 1092 2147 13,
1112 2084 1153 2134 1¹·

90 2187 184 2242 selben
209 2186 256 2240 bei
274 2185 344 2253 Lis„
367 2184 439 2239 doeh
462 2185 508 2240 die
527 2185 658 2254 gewbhn-
748 2191 811 2240 ante
842 2203 924 2256 qaam
955 2185 1026 2257 tam]
1050 2211 1084 2231 =
1108 2189 1172 2240 ante
1203 2186 1276 2240 illud

88 2257 167 2312 liobe
184 2257 269 2310 Form
286 2257 421 2325 haufiger.
711 2260 824 2326 tenpus.
869 2257 903 2312 In
934 2258 999 2312 dem
1032 2256 1206 2311 Sohlusssata
1237 2255 1277 2311 ist

126 2344 185 2398 qua
202 2333 291 2396 paolo
313 2327 384 2397 erat]
407 2326 459 2381 wir
481 2343 567 2396 sagen
589 2327 658 2381 Imm
711 2329 929 2382 mercennariam
950 2346 984 2382 an
1006 2328 1142 2395 botones,
1169 2328 1207 2382 da
1229 2327 1275 2381 die

90 2399 162 2454 ‘den
193 2397 234 2452 sie
265 2398 444 2464 verabredat,
481 2398 658 2480 abgamaoht,
712 2397 792 2453 nieht
810 2398 980 2466 romischen,
999 2398 1087 2453 selbss
1104 2397 1275 2452 ausseritali-
1326 2421 1328 2432 ·

87 2469 263 2538 festgeslellt
287 2468 390 2537 halte',
415 2468 568 2538 eigenlhob
591 2471 659 2524 aber
712 2468 798 2524 sohen
812 2468 947 2523 Soldaten
964 2468 1004 2522 im
1018 2468 1275 2523 rbmisohaneers

85 2542 127 2596 'ist
151 2539 198 2594 ein
215 2539 267 2594 Inf.
290 2540 345 2595 wie
362 2541 482 2594 militare
506 2539 550 2594 od.
570 2539 658 2609 dergl.
712 2539 754 2593 als
768 2539 973 2609 Hiilfstruppen
987 2538 1047 2594 sieb
1060 2555 1116 2594 von
1130 2538 1184 2594 den
1195 2538 1275 2592 sold-

87 2630 125 2666 zu
140 2615 293 2680 ergbnaem
311 2611 369 2680 vgl.
384 2609 431 2678 21,
449 2616 493 2678 41,
513 2616 529 2664 9
548 2613 597 2680 qus*
609 2612 657 2666 sti-
712 2627 790 2678 nem,
808 2610 862 2666 wie
882 2610 923 2665 sie
936 2609 1152 2678 dieKarthager
1165 2611 1275 2677 hatten,

82 2683 224 2752 pandam
248 2683 316 2737 dare
336 2687 439 2752 postus
463 2687 502 2736 est
527 2683 598 2750 (hier
625 2700 658 2736 zu
712 2680 933 2762 untersohieden.
