<?xml version="1.0" encoding="UTF-8"?>
<!DOCTYPE html PUBLIC "-//W3C//DTD XHTML 1.0 Transitional//EN"
    "http://www.w3.org/TR/xhtml1/DTD/xhtml1-transitional.dtd">
<html xmlns="http://www.w3.org/1999/xhtml" xml:lang="en" lang="en">
 <head>
  <title>
</title>
<meta http-equiv="Content-Type" content="text/html;charset=utf-8" />
  <meta name='ocr-system' content='tesseract 3.04.00' />
  <meta name='ocr-capabilities' content='ocr_page ocr_carea ocr_par ocr_line ocrx_word'/>
</head>
<body>
  <div class='ocr_page' id='page_1' title='image "./titiliviaburbec07livygoog_0093.png"; bbox 0 0 2962 4956; ppageno 0'>
   <div class='ocr_carea' id='block_1_1' title="bbox 587 1491 1020 1580">
    <p class='ocr_par' dir='ltr' id='par_1_1' title="bbox 587 1491 1020 1580">
     <span class='ocr_line' id='line_1_1' title="bbox 587 1491 1020 1580; baseline 0 -33"><span class='ocrx_word' id='word_1_1' title='bbox 587 1491 772 1548; x_wconf 80' lang='lat' dir='ltr'><strong>PERIOCHA</strong></span> <span class='ocrx_word' id='word_1_2' title='bbox 790 1491 889 1548; x_wconf 84' lang='lat' dir='ltr'><strong>LIBRI</strong></span> <span class='ocrx_word' id='word_1_3' title='bbox 906 1491 1020 1580; x_wconf 67' lang='lat' dir='ltr'><strong>nxnss.</strong></span> 
     </span>
    </p>
   </div>
   <div class='ocr_carea' id='block_1_2' title="bbox 169 1635 1397 2522">
    <p class='ocr_par' dir='ltr' id='par_1_2' title="bbox 218 1635 1395 1989">
     <span class='ocr_line' id='line_1_2' title="bbox 307 1635 1395 1723; baseline -0.002 -20"><span class='ocrx_word' id='word_1_4' title='bbox 307 1637 525 1723; x_wconf 85' lang='lat' dir='ltr'><strong>Hieronymus</strong></span> <span class='ocrx_word' id='word_1_5' title='bbox 544 1636 822 1722; x_wconf 86' lang='lat' dir='ltr'><strong>Syracusanorum</strong></span> <span class='ocrx_word' id='word_1_6' title='bbox 840 1659 906 1722; x_wconf 87' lang='lat' dir='ltr'><strong>rex,</strong></span> <span class='ocrx_word' id='word_1_7' title='bbox 928 1638 1019 1703; x_wconf 90' lang='lat' dir='ltr'><strong>cuius</strong></span> <span class='ocrx_word' id='word_1_8' title='bbox 1037 1640 1132 1723; x_wconf 87' lang='lat' dir='ltr'><strong>pater</strong></span> <span class='ocrx_word' id='word_1_9' title='bbox 1149 1635 1251 1704; x_wconf 88' lang='lat' dir='ltr'><strong>Hiero</strong></span> <span class='ocrx_word' id='word_1_10' title='bbox 1271 1639 1395 1703; x_wconf 87' lang='lat' dir='ltr'><strong>amicus</strong></span> 
     </span>
     <span class='ocr_line' id='line_1_3' title="bbox 218 1725 1395 1881; baseline -0.002 -89"><span class='ocrx_word' id='word_1_11' title='bbox 218 1727 500 1881; x_wconf 41' lang='lat' dir='ltr'><strong>mpii-&amp;mani</strong></span> <span class='ocrx_word' id='word_1_12' title='bbox 526 1725 646 1881; x_wconf 48' lang='lat' dir='ltr'><strong>feuzrat,</strong></span> <span class='ocrx_word' id='word_1_13' title='bbox 673 1727 713 1791; x_wconf 85' lang='lat' dir='ltr'><strong>ad</strong></span> <span class='ocrx_word' id='word_1_14' title='bbox 737 1725 1169 1881; x_wconf 48' lang='lat' dir='ltr'><strong>Carthaginitzggegtudefgcsst</strong></span> <span class='ocrx_word' id='word_1_15' title='bbox 1201 1729 1395 1880; x_wconf 46' lang='lat' dir='ltr'><strong>ssiffrffiter</strong></span> 
     </span>
     <span class='ocr_line' id='line_1_4' title="bbox 218 1838 1395 1989; baseline -0.001 -20"><span class='ocrx_word' id='word_1_16' title='bbox 218 1839 352 1989; x_wconf 55' lang='lat' dir='ltr'><strong>gihniuh</strong></span> <span class='ocrx_word' id='word_1_17' title='bbox 371 1838 538 1970; x_wconf 57' lang='lat' dir='ltr'><strong>Grhlcchhh</strong></span> <span class='ocrx_word' id='word_1_18' title='bbox 551 1838 735 1989; x_wconf 55' lang='lat' dir='ltr'><strong>rprlgclirirhirl</strong></span> <span class='ocrx_word' id='word_1_19' title='bbox 746 1838 923 1989; x_wconf 59' lang='lat' dir='ltr'><strong>aprhhlpierlll</strong></span> <span class='ocrx_word' id='word_1_20' title='bbox 933 1838 1087 1970; x_wconf 63' lang='lat' dir='ltr'><strong>adveersuss</strong></span> <span class='ocrx_word' id='word_1_21' title='bbox 1105 1838 1233 1970; x_wconf 54' lang='lat' dir='ltr'><strong>Pso&#39;enos</strong></span> <span class='ocrx_word' id='word_1_22' title='bbox 1253 1862 1288 1968; x_wconf 76' lang='lat' dir='ltr'><strong>ei</strong></span> <span class='ocrx_word' id='word_1_23' title='bbox 1304 1839 1395 1968; x_wconf 63' lang='lat' dir='ltr'><strong>Hali-</strong></span> 
     </span>
    </p>

    <p class='ocr_par' dir='ltr' id='par_1_3' title="bbox 184 1991 1397 2433">
     <span class='ocr_line' id='line_1_5' title="bbox 184 1991 1395 2078; baseline -0.002 -19"><span class='ocrx_word' id='word_1_24' title='bbox 184 2009 200 2059; x_wconf 80' lang='lat' dir='ltr'><strong>o</strong></span> <span class='ocrx_word' id='word_1_25' title='bbox 218 2015 337 2060; x_wconf 86' lang='lat' dir='ltr'><strong>nonem</strong></span> <span class='ocrx_word' id='word_1_26' title='bbox 351 1995 465 2059; x_wconf 91' lang='lat' dir='ltr'><strong>ducem</strong></span> <span class='ocrx_word' id='word_1_27' title='bbox 480 1993 520 2058; x_wconf 87' lang='lat' dir='ltr'><strong>ad</strong></span> <span class='ocrx_word' id='word_1_28' title='bbox 534 1991 756 2058; x_wconf 83' lang='lat' dir='ltr'><strong>Beneventum</strong></span> <span class='ocrx_word' id='word_1_29' title='bbox 774 1993 933 2078; x_wconf 85' lang='lat' dir='ltr'><strong>pugnavit</strong></span> <span class='ocrx_word' id='word_1_30' title='bbox 947 2013 1113 2058; x_wconf 85' lang='lat' dir='ltr'><strong>servorum</strong></span> <span class='ocrx_word' id='word_1_31' title='bbox 1127 1993 1268 2057; x_wconf 87' lang='lat' dir='ltr'><strong>maxime</strong></span> <span class='ocrx_word' id='word_1_32' title='bbox 1288 2014 1395 2076; x_wconf 87' lang='lat' dir='ltr'><strong>opera,</strong></span> 
     </span>
     <span class='ocr_line' id='line_1_6' title="bbox 220 2078 1396 2168; baseline -0.001 -21"><span class='ocrx_word' id='word_1_33' title='bbox 220 2104 302 2168; x_wconf 92' lang='lat' dir='ltr'><strong>quos</strong></span> <span class='ocrx_word' id='word_1_34' title='bbox 324 2082 445 2148; x_wconf 91' lang='lat' dir='ltr'><strong>liberos</strong></span> <span class='ocrx_word' id='word_1_35' title='bbox 468 2103 539 2147; x_wconf 87' lang='lat' dir='ltr'><strong>esse</strong></span> <span class='ocrx_word' id='word_1_36' title='bbox 560 2083 665 2148; x_wconf 85' lang='lat' dir='ltr'><strong>iussit</strong></span> <span class='ocrx_word' id='word_1_37' title='bbox 706 2080 860 2148; x_wconf 77' lang='lat' dir='ltr'><strong>Claudius</strong></span> <span class='ocrx_word' id='word_1_38' title='bbox 882 2081 1056 2146; x_wconf 83' lang='lat' dir='ltr'><strong>Marcellus</strong></span> <span class='ocrx_word' id='word_1_39' title='bbox 1079 2081 1192 2147; x_wconf 87' lang='lat' dir='ltr'><strong>consul</strong></span> <span class='ocrx_word' id='word_1_40' title='bbox 1214 2082 1250 2145; x_wconf 92' lang='lat' dir='ltr'><strong>in</strong></span> <span class='ocrx_word' id='word_1_41' title='bbox 1274 2078 1396 2165; x_wconf 84' lang='lat' dir='ltr'><strong>Sicilia,</strong></span> 
     </span>
     <span class='ocr_line' id='line_1_7' title="bbox 220 2168 1395 2255; baseline -0.001 -20"><span class='ocrx_word' id='word_1_42' title='bbox 220 2192 302 2255; x_wconf 89' lang='lat' dir='ltr'><strong>quae</strong></span> <span class='ocrx_word' id='word_1_43' title='bbox 324 2192 427 2255; x_wconf 80' lang='lat' dir='ltr'>prope</span> <span class='ocrx_word' id='word_1_44' title='bbox 449 2173 519 2235; x_wconf 79' lang='lat' dir='ltr'><strong>tota</strong></span> <span class='ocrx_word' id='word_1_45' title='bbox 542 2171 584 2236; x_wconf 89' lang='lat' dir='ltr'><strong>ad</strong></span> <span class='ocrx_word' id='word_1_46' title='bbox 600 2169 728 2238; x_wconf 88' lang='lat' dir='ltr'><strong>Poenos</strong></span> <span class='ocrx_word' id='word_1_47' title='bbox 752 2171 921 2254; x_wconf 71' lang='lat' dir='ltr'><strong>defecerat,</strong></span> <span class='ocrx_word' id='word_1_48' title='bbox 944 2168 1123 2255; x_wconf 82' lang='lat' dir='ltr'><strong>Syracusas</strong></span> <span class='ocrx_word' id='word_1_49' title='bbox 1147 2169 1284 2235; x_wconf 88' lang='lat' dir='ltr'><strong>obsedit.</strong></span> <span class='ocrx_word' id='word_1_50' title='bbox 1320 2168 1395 2234; x_wconf 91' lang='lat' dir='ltr'><strong>Phi·</strong></span> 
     </span>
     <span class='ocr_line' id='line_1_8' title="bbox 219 2258 1397 2345; baseline 0 -22"><span class='ocrx_word' id='word_1_51' title='bbox 219 2259 310 2342; x_wconf 88' lang='lat' dir='ltr'><strong>lippo</strong></span> <span class='ocrx_word' id='word_1_52' title='bbox 328 2258 543 2324; x_wconf 71' lang='lat' dir='ltr'><strong>Macedonum</strong></span> <span class='ocrx_word' id='word_1_53' title='bbox 565 2259 635 2345; x_wconf 84' lang='lat' dir='ltr'><strong>regi</strong></span> <span class='ocrx_word' id='word_1_54' title='bbox 653 2259 775 2324; x_wconf 84' lang='lat' dir='ltr'><strong>bellum</strong></span> <span class='ocrx_word' id='word_1_55' title='bbox 793 2259 950 2325; x_wconf 88' lang='lat' dir='ltr'><strong>indictum</strong></span> <span class='ocrx_word' id='word_1_56' title='bbox 968 2263 1027 2343; x_wconf 87' lang='lat' dir='ltr'><strong>est,</strong></span> <span class='ocrx_word' id='word_1_57' title='bbox 1051 2260 1106 2344; x_wconf 91' lang='lat' dir='ltr'><strong>qui</strong></span> <span class='ocrx_word' id='word_1_58' title='bbox 1124 2259 1165 2322; x_wconf 87' lang='lat' dir='ltr'><strong>ad</strong></span> <span class='ocrx_word' id='word_1_59' title='bbox 1183 2259 1397 2344; x_wconf 77' lang='lat' dir='ltr'><strong>Apolloniam</strong></span> 
     </span>
     <span class='ocr_line' id='line_1_9' title="bbox 220 2347 1396 2433; baseline 0.002 -22"><span class='ocrx_word' id='word_1_60' title='bbox 220 2351 381 2413; x_wconf 87' lang='lat' dir='ltr'><strong>nocturno</strong></span> <span class='ocrx_word' id='word_1_61' title='bbox 413 2348 538 2432; x_wconf 87' lang='lat' dir='ltr'><strong>proelio</strong></span> <span class='ocrx_word' id='word_1_62' title='bbox 570 2369 742 2433; x_wconf 86' lang='lat' dir='ltr'><strong>oppressus</strong></span> <span class='ocrx_word' id='word_1_63' title='bbox 761 2347 969 2433; x_wconf 65' lang='lat' dir='ltr'><strong>iugatusque</strong></span> <span class='ocrx_word' id='word_1_64' title='bbox 999 2350 1035 2412; x_wconf 80' lang='lat' dir='ltr'><strong>in</strong></span> <span class='ocrx_word' id='word_1_65' title='bbox 1064 2347 1289 2414; x_wconf 87' lang='lat' dir='ltr'><strong>Macedoniam</strong></span> <span class='ocrx_word' id='word_1_66' title='bbox 1321 2369 1396 2413; x_wconf 90' lang='lat' dir='ltr'><strong>cum</strong></span> 
     </span>
    </p>

    <p class='ocr_par' dir='ltr' id='par_1_4' title="bbox 169 2435 1396 2522">
     <span class='ocr_line' id='line_1_10' title="bbox 169 2435 1396 2522; baseline 0.001 -21"><span class='ocrx_word' id='word_1_67' title='bbox 169 2453 202 2502; x_wconf 84' lang='lat' dir='ltr'><strong>lo</strong></span> <span class='ocrx_word' id='word_1_68' title='bbox 219 2458 320 2522; x_wconf 88' lang='lat' dir='ltr'><strong>prope</strong></span> <span class='ocrx_word' id='word_1_69' title='bbox 352 2437 470 2502; x_wconf 90' lang='lat' dir='ltr'><strong>inermi</strong></span> <span class='ocrx_word' id='word_1_70' title='bbox 502 2437 644 2502; x_wconf 82' lang='lat' dir='ltr'><strong>exercitu</strong></span> <span class='ocrx_word' id='word_1_71' title='bbox 669 2435 825 2522; x_wconf 85' lang='lat' dir='ltr'><strong>profugit</strong></span> <span class='ocrx_word' id='word_1_72' title='bbox 870 2437 911 2502; x_wconf 89' lang='lat' dir='ltr'><strong>ad</strong></span> <span class='ocrx_word' id='word_1_73' title='bbox 937 2435 971 2502; x_wconf 89' lang='lat' dir='ltr'><strong>id</strong></span> <span class='ocrx_word' id='word_1_74' title='bbox 997 2435 1119 2502; x_wconf 89' lang='lat' dir='ltr'><strong>bellum</strong></span> <span class='ocrx_word' id='word_1_75' title='bbox 1151 2435 1329 2522; x_wconf 89' lang='lat' dir='ltr'><strong>gerendum</strong></span> <span class='ocrx_word' id='word_1_76' title='bbox 1352 2435 1396 2502; x_wconf 90' lang='lat' dir='ltr'><strong>M.</strong></span> 
     </span>
    </p>
   </div>
   <div class='ocr_carea' id='block_1_3' title="bbox 219 2523 1477 2611">
    <p class='ocr_par' dir='ltr' id='par_1_5' title="bbox 219 2523 1477 2611">
     <span class='ocr_line' id='line_1_11' title="bbox 219 2523 1477 2611; baseline 0 -21"><span class='ocrx_word' id='word_1_77' title='bbox 219 2523 372 2590; x_wconf 88' lang='lat' dir='ltr'><strong>Valerius</strong></span> <span class='ocrx_word' id='word_1_78' title='bbox 395 2529 527 2610; x_wconf 79' lang='lat' dir='ltr'><strong>praetor</strong></span> <span class='ocrx_word' id='word_1_79' title='bbox 544 2526 674 2591; x_wconf 81' lang='lat' dir='ltr'><strong>missus.</strong></span> <span class='ocrx_word' id='word_1_80' title='bbox 708 2547 760 2590; x_wconf 90' lang='lat' dir='ltr'><strong>res</strong></span> <span class='ocrx_word' id='word_1_81' title='bbox 781 2529 949 2610; x_wconf 85' lang='lat' dir='ltr'><strong>praeterea</strong></span> <span class='ocrx_word' id='word_1_82' title='bbox 965 2525 1001 2590; x_wconf 89' lang='lat' dir='ltr'><strong>in</strong></span> <span class='ocrx_word' id='word_1_83' title='bbox 1018 2524 1180 2611; x_wconf 83' lang='lat' dir='ltr'><strong>Hispania</strong></span> <span class='ocrx_word' id='word_1_84' title='bbox 1198 2549 1218 2590; x_wconf 87' lang='lat' dir='ltr'><strong>a</strong></span> <span class='ocrx_word' id='word_1_85' title='bbox 1234 2523 1270 2592; x_wconf 91' lang='lat' dir='ltr'><strong>P.</strong></span> <span class='ocrx_word' id='word_1_86' title='bbox 1290 2529 1324 2591; x_wconf 91' lang='lat' dir='ltr'><strong>et</strong></span> <span class='ocrx_word' id='word_1_87' title='bbox 1337 2524 1397 2592; x_wconf 80' lang='lat' dir='ltr'><strong>On.</strong></span> <span class='ocrx_word' id='word_1_88' title='bbox 1476 2557 1477 2568; x_wconf 30' lang='lat' dir='ltr'><strong>r</strong></span> 
     </span>
    </p>
   </div>
   <div class='ocr_carea' id='block_1_4' title="bbox 168 2611 1398 3231">
    <p class='ocr_par' dir='ltr' id='par_1_6' title="bbox 168 2611 1398 3231">
     <span class='ocr_line' id='line_1_12' title="bbox 220 2611 1397 2700; baseline 0.002 -22"><span class='ocrx_word' id='word_1_89' title='bbox 220 2611 427 2697; x_wconf 80' lang='lat' dir='ltr'><strong>Scipionibus</strong></span> <span class='ocrx_word' id='word_1_90' title='bbox 451 2615 605 2680; x_wconf 82' lang='lat' dir='ltr'><strong>adversus</strong></span> <span class='ocrx_word' id='word_1_91' title='bbox 624 2613 910 2700; x_wconf 71' lang='lat' dir='ltr'><strong>Carthaginienses</strong></span> <span class='ocrx_word' id='word_1_92' title='bbox 929 2618 1038 2700; x_wconf 86' lang='lat' dir='ltr'><strong>gestas</strong></span> <span class='ocrx_word' id='word_1_93' title='bbox 1059 2615 1214 2700; x_wconf 85' lang='lat' dir='ltr'><strong>continet,</strong></span> <span class='ocrx_word' id='word_1_94' title='bbox 1237 2615 1397 2700; x_wconf 86' lang='lat' dir='ltr'><strong>aquibus</strong></span> 
     </span>
     <span class='ocr_line' id='line_1_13' title="bbox 220 2695 1398 2789; baseline 0.002 -23"><span class='ocrx_word' id='word_1_95' title='bbox 220 2700 353 2788; x_wconf 85' lang='lat' dir='ltr'><strong>Syphax</strong></span> <span class='ocrx_word' id='word_1_96' title='bbox 375 2725 433 2768; x_wconf 83' lang='lat' dir='ltr'><strong>rex</strong></span> <span class='ocrx_word' id='word_1_97' title='bbox 454 2702 628 2768; x_wconf 87' lang='lat' dir='ltr'><strong>Numidiae</strong></span> <span class='ocrx_word' id='word_1_98' title='bbox 651 2703 686 2767; x_wconf 92' lang='lat' dir='ltr'><strong>in</strong></span> <span class='ocrx_word' id='word_1_99' title='bbox 709 2703 886 2774; x_wconf 80' lang='lat' dir='ltr'><strong>amicitiam</strong></span> <span class='ocrx_word' id='word_1_100' title='bbox 910 2695 1065 2788; x_wconf 81' lang='lat' dir='ltr'><strong>adscitus,</strong></span> <span class='ocrx_word' id='word_1_101' title='bbox 1088 2704 1144 2789; x_wconf 92' lang='lat' dir='ltr'><strong>qui</strong></span> <span class='ocrx_word' id='word_1_102' title='bbox 1167 2725 1187 2768; x_wconf 91' lang='lat' dir='ltr'><strong>a</strong></span> <span class='ocrx_word' id='word_1_103' title='bbox 1212 2703 1398 2770; x_wconf 87' lang='lat' dir='ltr'><strong>Masanissa</strong></span> 
     </span>
     <span class='ocr_line' id='line_1_14' title="bbox 219 2788 1398 2878; baseline 0.003 -24"><span class='ocrx_word' id='word_1_104' title='bbox 219 2790 451 2877; x_wconf 86' lang='lat' dir='ltr'><strong>Massyliorum</strong></span> <span class='ocrx_word' id='word_1_105' title='bbox 482 2812 560 2877; x_wconf 86' lang='lat' dir='ltr'><strong>roge</strong></span> <span class='ocrx_word' id='word_1_106' title='bbox 587 2813 647 2876; x_wconf 89' lang='lat' dir='ltr'><strong>pro</strong></span> <span class='ocrx_word' id='word_1_107' title='bbox 676 2788 1001 2878; x_wconf 74' lang='lat' dir='ltr'><strong>Carthaginiensibus</strong></span> <span class='ocrx_word' id='word_1_108' title='bbox 1032 2796 1200 2878; x_wconf 77' lang='lat' dir='ltr'><strong>pugnante</strong></span> <span class='ocrx_word' id='word_1_109' title='bbox 1227 2793 1334 2858; x_wconf 91' lang='lat' dir='ltr'><strong>victus</strong></span> <span class='ocrx_word' id='word_1_110' title='bbox 1362 2793 1398 2857; x_wconf 90' lang='lat' dir='ltr'><strong>in</strong></span> 
     </span>
     <span class='ocr_line' id='line_1_15' title="bbox 168 2878 1398 2966; baseline 0.002 -23"><span class='ocrx_word' id='word_1_111' title='bbox 168 2894 202 2945; x_wconf 83' lang='lat' dir='ltr'><strong>ro</strong></span> <span class='ocrx_word' id='word_1_112' title='bbox 219 2878 416 2963; x_wconf 86' lang='lat' dir='ltr'><strong>Hispaniam</strong></span> <span class='ocrx_word' id='word_1_113' title='bbox 449 2879 489 2944; x_wconf 91' lang='lat' dir='ltr'><strong>ad</strong></span> <span class='ocrx_word' id='word_1_114' title='bbox 520 2879 703 2964; x_wconf 86' lang='lat' dir='ltr'><strong>Scipionem</strong></span> <span class='ocrx_word' id='word_1_115' title='bbox 733 2901 958 2966; x_wconf 78' lang='lat' dir='ltr'><strong>cummagna</strong></span> <span class='ocrx_word' id='word_1_116' title='bbox 989 2903 1089 2946; x_wconf 90' lang='lat' dir='ltr'><strong>manu</strong></span> <span class='ocrx_word' id='word_1_117' title='bbox 1119 2881 1252 2947; x_wconf 89' lang='lat' dir='ltr'><strong>transiit</strong></span> <span class='ocrx_word' id='word_1_118' title='bbox 1280 2886 1398 2948; x_wconf 89' lang='lat' dir='ltr'><strong>contra</strong></span> 
     </span>
     <span class='ocr_line' id='line_1_16' title="bbox 222 2965 1398 3054; baseline 0.005 -24"><span class='ocrx_word' id='word_1_119' title='bbox 222 2965 338 3052; x_wconf 79' lang='lat' dir='ltr'><strong>Gades,</strong></span> <span class='ocrx_word' id='word_1_120' title='bbox 360 2968 418 3032; x_wconf 92' lang='lat' dir='ltr'><strong>ubi</strong></span> <span class='ocrx_word' id='word_1_121' title='bbox 441 2971 580 3053; x_wconf 89' lang='lat' dir='ltr'><strong>angusto</strong></span> <span class='ocrx_word' id='word_1_122' title='bbox 599 2969 687 3034; x_wconf 80' lang='lat' dir='ltr'><strong>irato</strong></span> <span class='ocrx_word' id='word_1_123' title='bbox 705 2968 819 3034; x_wconf 84' lang='lat' dir='ltr'><strong>Africa</strong></span> <span class='ocrx_word' id='word_1_124' title='bbox 837 2973 870 3034; x_wconf 88' lang='lat' dir='ltr'><strong>et</strong></span> <span class='ocrx_word' id='word_1_125' title='bbox 887 2969 1049 3054; x_wconf 89' lang='lat' dir='ltr'><strong>Hispania</strong></span> <span class='ocrx_word' id='word_1_126' title='bbox 1072 2969 1274 3036; x_wconf 86' lang='lat' dir='ltr'><strong>dirimuntur.</strong></span> <span class='ocrx_word' id='word_1_127' title='bbox 1311 2969 1398 3052; x_wconf 77' lang='lat' dir='ltr'><strong>[col-</strong></span> 
     </span>
     <span class='ocr_line' id='line_1_17' title="bbox 219 3055 1397 3146; baseline 0.005 -28"><span class='ocrx_word' id='word_1_128' title='bbox 219 3055 319 3120; x_wconf 89' lang='lat' dir='ltr'><strong>tiberi</strong></span> <span class='ocrx_word' id='word_1_129' title='bbox 337 3076 464 3140; x_wconf 92' lang='lat' dir='ltr'><strong>quoque</strong></span> <span class='ocrx_word' id='word_1_130' title='bbox 477 3057 512 3120; x_wconf 90' lang='lat' dir='ltr'><strong>in</strong></span> <span class='ocrx_word' id='word_1_131' title='bbox 527 3057 702 3123; x_wconf 89' lang='lat' dir='ltr'><strong>amicitiam</strong></span> <span class='ocrx_word' id='word_1_132' title='bbox 720 3058 841 3142; x_wconf 87' lang='lat' dir='ltr'><strong>recepti</strong></span> <span class='ocrx_word' id='word_1_133' title='bbox 860 3061 945 3143; x_wconf 87' lang='lat' dir='ltr'><strong>sunt,</strong></span> <span class='ocrx_word' id='word_1_134' title='bbox 964 3080 1100 3146; x_wconf 89' lang='lat' dir='ltr'><strong>quorum</strong></span> <span class='ocrx_word' id='word_1_135' title='bbox 1119 3060 1248 3124; x_wconf 82' lang='lat' dir='ltr'><strong>auxiliis</strong></span> <span class='ocrx_word' id='word_1_136' title='bbox 1262 3060 1397 3124; x_wconf 89' lang='lat' dir='ltr'><strong>adscitis</strong></span> 
     </span>
     <span class='ocr_line' id='line_1_18' title="bbox 219 3145 1397 3231; baseline 0.005 -24"><span class='ocrx_word' id='word_1_137' title='bbox 219 3147 297 3208; x_wconf 78' lang='lat' dir='ltr'><strong>timo</strong></span> <span class='ocrx_word' id='word_1_138' title='bbox 315 3145 453 3228; x_wconf 92' lang='lat' dir='ltr'><strong>primum</strong></span> <span class='ocrx_word' id='word_1_139' title='bbox 473 3147 729 3211; x_wconf 88' lang='lat' dir='ltr'><strong>mercennarium</strong></span> <span class='ocrx_word' id='word_1_140' title='bbox 743 3147 880 3211; x_wconf 90' lang='lat' dir='ltr'><strong>militem</strong></span> <span class='ocrx_word' id='word_1_141' title='bbox 894 3145 1043 3212; x_wconf 89' lang='lat' dir='ltr'><strong>Romana</strong></span> <span class='ocrx_word' id='word_1_142' title='bbox 1061 3151 1168 3213; x_wconf 85' lang='lat' dir='ltr'><strong>castra</strong></span> <span class='ocrx_word' id='word_1_143' title='bbox 1184 3148 1397 3231; x_wconf 82' lang='lat' dir='ltr'><strong>habuerunt]</strong></span> 
     </span>
    </p>
   </div>
   <div class='ocr_carea' id='block_1_5' title="bbox 0 0 1495 4956">
    <p class='ocr_par' dir='ltr' id='par_1_7' title="bbox 0 0 1495 4956">
     <span class='ocr_line' id='line_1_19' title="bbox 0 0 1495 4956; baseline 0 0"><span class='ocrx_word' id='word_1_144' title='bbox 0 0 1495 4956; x_wconf 95' lang='lat' dir='ltr'><strong> </strong></span> 
     </span>
    </p>
   </div>
  </div>
 </body>
</html>
