2934 4952
198 264 219 328 8
592 258 703 314 nisan
720 259 833 316 xxnn.
860 259 938 316 cac.
956 266 982 314 a.
1210 287 1229 315 ..
1248 288 1271 316 u.
1292 287 1310 316 ο.
1331 277 1389 319 aaa.

202 423 396 489 remeabant
419 421 459 486 ad
483 422 624 505 stabula,
652 443 829 506 numquam
852 421 980 486 insidiis
1003 421 1153 506 ferarum,
1176 445 1244 488 non
1267 424 1386 497 fraude

58 549 60 554 ·
165 529 183 576 u
204 513 318 577 violati
340 511 519 576 hominum.
550 511 662 596 magni
684 511 786 595 igitur
807 510 931 574 fructus
955 533 993 576 ex
1016 533 1054 576 eo
1076 533 1192 595 pecore
1210 507 1385 596 capti,'co-

202 603 376 684 lumnaque
399 598 484 664 inde·
497 621 595 663 aurea
619 599 723 664 solida
745 599 831 663 facta
855 601 888 662 ct
915 602 1043 663 sacrata
1070 602 1133 682 est,
1166 600 1385 683 inclitumque

166 708 182 754 ‘1
202 690 361 774 templum
385 687 505 752 divitiis
530 689 642 771 ctiam,
671 709 740 751 non
766 689 894 750 tantum
922 687 1095 752 sanctitate
1118 688 1191 754 fuit.
1223 711 1259 752 ac
1282 689 1386 752 mira·

203 779 277 842 cula
300 777 410 860 aliqua
433 776 610 861 adfingunt,
632 779 670 840 ut
691 776 880 859 plerumque
898 779 967 839 tam
979 776 1165 861 insignibus
1178 776 1266 841 locis.
1290 776 1388 841 fama

203 869 254 931 est
277 888 368 930 aram
391 887 461 930 esse
483 865 519 929 in
541 864 702 929 vestibulo
724 864 853 947 templi,
883 864 972 929 cuius
1005 865 1147 929 cinerem
1171 865 1280 928 nullus
1308 887 1385 928 um-

165 972 300 1038 8quam
323 956 454 1018 moveat
475 954 599 1018 ventus.
632 952 687 1018 sed
716 974 773 1016 arx
796 950 960 1030 Crotonis,
991 975 1057 1016 una
1083 955 1174 1036 parte
1202 953 1384 1017 imminens

198 1035 295 1122 mari,
319 1043 421 1106 altera
443 1045 597 1126 vergente
620 1041 656 1105 in
679 1050 803 1126 agrum,
825 1040 891 1105 situ
908 1041 1038 1104 tantum
1055 1042 1196 1106 naturali
1215 1043 1382 1125 quondam

202 1132 338 1213 munita,
360 1133 475 1214 postca
499 1133 531 1194 et
552 1151 645 1193 muro
669 1130 776 1194 cincta
799 1132 862 1212 est,
891 1150 955 1213 qua
981 1150 1039 1213 per
1062 1151 1192 1194 aversas
1215 1152 1312 1213 rupes
1336 1131 1384 1194 ab

166 1239 183 1286 9
202 1219 363 1303 Dionysio
388 1217 517 1283 Siciliae
539 1221 679 1302 tyranno
703 1240 761 1302 per
784 1218 893 1282 dolum
914 1215 1021 1281 fuerat
1040 1220 1143 1300 capta.
1171 1221 1291 1282 catum
1306 1240 1383 1283 arce

205 1309 295 1391 satis,
319 1311 356 1370 ut
383 1306 567 1390 videbatur,
593 1309 666 1394 tuta
689 1305 914 1371 Crotoniatum
942 1306 1116 1390 optimates
1147 1307 1303 1372 tenebant
1335 1329 1388 1389 se,

159 1415 193 1464 10
203 1395 457 1468 circumsedente
490 1416 562 1459 cum
590 1394 728 1459 Bruttiis
763 1416 817 1460 eos
850 1395 950 1458 etiam
977 1395 1071 1478 plebe
1104 1417 1171 1460 sua.
1213 1398 1382 1478 postremo

205 1483 335 1566 Bruttii,
359 1506 432 1547 cum
456 1483 524 1548 suis
547 1482 672 1547 viribus
695 1483 982 1568 inexpugnabilem
1010 1482 1158 1547 viderent
1180 1505 1299 1567 arcem,
1328 1505 1383 1549 co-

160 1591 193 1638 11
206 1572 272 1637 acti
293 1572 487 1636 necessitate
510 1570 683 1635 Hannonis
708 1571 863 1635 auxilium
881 1571 1056 1654 inplorant
1088 1571 1116 1634 is
1135 1571 1386 1637 condicionibus

209 1661 259 1725 lais
276 1660 317 1723 ad
336 1660 533 1724 deditionem
553 1660 744 1743 compellere
760 1656 966 1724 Crotoniates
986 1663 1135 1741 conatus,
1158 1663 1196 1724 ut
1220 1661 1384 1726 coloniam

204 1748 409 1813 Bruttiorum
434 1771 471 1813 eo
493 1748 606 1812 deduci
625 1748 855 1832 antiquamque
870 1747 1086 1832 frequentiam
1099 1748 1242 1831 recipcre
1255 1753 1385 1815 vastam

205 1859 243 1902 ac
267 1837 427 1902 desertam
451 1837 544 1901 bellis
567 1837 681 1901 urbem
699 1839 895 1920 paterentrn,
919 1836 1064 1901 omnium
1076 1836 1239 1901 neminem
1253 1842 1388 1922 practer

160 1945 194 1993 12
204 1925 470 1991 Aristomachum
500 1925 611 1990 movit.
648 1925 823 1990 morituros
852 1947 885 1989 se
914 1924 1131 1989 adfirmabant
1161 1925 1255 1990 citius
1285 1949 1384 2010 quam

204 2014 337 2078 inmixti
358 2013 499 2078 Bruttiis
521 2015 557 2076 in
580 2014 703 2078 alienos
726 2015 808 2078 ritus
836 2035 943 2077 mores
970 2009 1122 2098 legesque
1153 2035 1190 2077 ac
1217 2036 1294 2078 mox
1320 2015 1384 2078 lin-

162 2101 940 2274 ¹³riu‘ira{taritaticum
962 2101 1384 2274 attrabatur-“att

206 2279 315 2344 locum
342 2278 524 2362 prodendae
557 2280 639 2344 arcis
667 2278 868 2363 inveniebat,
899 2278 1079 2362 transfugit
1110 2277 1151 2341 ad
1178 2276 1383 2346 Hannonem.

162 2388 197 2436 14
206 2367 383 2432 Locrenses
415 2367 506 2432 brevi
533 2372 610 2450 post
636 2368 751 2452 legati,
783 2388 856 2431 cum
886 2367 1044 2450 permissu
1070 2365 1244 2432 Hannonis
1277 2391 1382 2434 arcem

205 2456 393 2538 intrassent,
415 2455 619 2539 persuadent,
642 2459 679 2520 ut
701 2455 828 2520 traduci
852 2477 886 2520 se
909 2455 1030 2520 Locros
1052 2457 1242 2538 paterentur
1259 2479 1319 2522 nec
1333 2459 1383 2522 ul·

163 2563 197 2614 15
207 2542 289 2608 tima
313 2545 448 2627 experiri
470 2543 600 2609 vellent.
623 2544 688 2608 iam
711 2545 773 2609 hoc
796 2547 834 2608 ut
851 2544 915 2609 sibi
932 2544 1052 2626 liceret,
1074 2543 1327 2627 impetraverant
1340 2548 1382 2611 ab

206 2631 393 2697 Hannibale
415 2632 525 2698 missis
553 2633 594 2696 ad
620 2632 654 2696 id
680 2633 789 2717 ipsum
815 2633 942 2717 legatis.
978 2632 1026 2695 ita
1053 2629 1194 2697 Crotone
1217 2655 1381 2699 excessum

207 2725 266 2800 est,
289 2721 481 2806 deductique
501 2718 710 2786 Crotoniatae
729 2721 771 2786 ad
787 2743 875 2785 mare
889 2741 989 2784 naves
1004 2720 1232 2787 conscendunt.
1263 2723 1382 2788 Locros

244 2928 768 3001 aeolida]CoeliusAntipatcr,einrb-
823 2945 924 2998 aogen‚
955 2928 1008 2983 wie
1032 2935 1079 2996 22,
1109 2934 1142 2983 15
1173 2928 1230 2982 ‘die
1258 2926 1383 2996 eigene';

206 3001 330 3054 mischar
344 3000 638 3056 Gerchicbtschreiber
655 3017 705 3055 aus
720 3001 769 3055 der
822 2999 880 3069 vgl.
899 3005 942 3065 30,
962 3005 986 3053 7.

207 3069 327 3125 aweiten
336 3071 433 3126 H'alfte
451 3072 501 3126 des
516 3078 540 3127 2.
556 3071 653 3126 Jahrb.
668 3090 695 3126 v.
706 3071 768 3125 Chr.
860 3076 902 3123 12.
916 3070 999 3125 citius
1007 3068 1313 3140 quam—varlarentur]
1322 3069 1383 3123 eine

206 3141 377 3211 berichtete,
404 3141 547 3197 Hannibal
573 3142 647 3196 haba
675 3143 770 3211 spater
823 3140 870 3195 bei
898 3141 929 3196 L.
959 3141 1039 3195 nicht
1066 3141 1184 3206 salbano,
1212 3141 1266 3194 mit
1290 3141 1384 3208 potius
1454 3143 1456 3152 ’

208 3211 379 3284 geaweifelt,
404 3212 466 3268 dass
485 3213 531 3267 die
551 3213 635 3267 Stule
653 3211 770 3267 massiv·
824 3228 907 3280 quam
937 3211 1031 3280 gleich
1060 3211 1243 3266 construierte
1266 3211 1383 3265 Verbin-

208 3283 313 3354 golden
332 3283 380 3351 rei,
399 3283 456 3337 und
474 3283 513 3338 sie
532 3283 651 3338 desbalb
670 3283 770 3337 durch·
824 3283 913 3351 dung;
941 3283 1016 3338 denn
1039 3283 1140 3337 ebenso
1163 3281 1216 3336 wie
1240 3281 1315 3336 diere
1334 3282 1385 3336 bat

209 3354 316 3408 bohrcn
334 3353 427 3408 lassen
445 3355 502 3408 und
521 3353 581 3408 sich
600 3371 630 3408 so
648 3371 704 3408 von
721 3354 770 3408 der
824 3354 897 3407 auch
921 3354 1003 3407 citius
1025 3353 1065 3407 im
1083 3353 1386 3422 Vergleichungssatze

209 3424 387 3495 Richtigkeit
403 3424 564 3494 uberaeugt.
823 3423 960 3478 auweilcn
977 3440 1059 3493 quam
1077 3429 1113 3478 ut
1130 3423 1203 3478 nach
1222 3423 1289 3478 sich.

247 3502 271 3550 7.
299 3495 357 3566 aad]
377 3495 554 3550 abbrechend
568 3521 602 3541 =
618 3494 723 3550 ‘docb'.
812 3544 817 3555 ,
858 3495 1037 3566 veterentur]
1052 3495 1164 3550 mediol.
1194 3495 1261 3547 Zum
1276 3493 1385 3549 Gadan-

247 3571 273 3621 8.
292 3568 700 3633 uuaparteimmiaaas,altera
712 3582 770 3620 cer-
822 3564 879 3618 ken
901 3565 951 3619 des
971 3565 1067 3620 Sataes
1089 3566 1147 3635 vgl.
1166 3564 1216 3632 ΞΘ,
1237 3571 1318 3634 12,3
1341 3582 1386 3618 wo

209 3636 299 3707 pcata]
329 3654 362 3689 zu
389 3636 528 3690 beacbten
550 3636 626 3690 dicae
653 3636 710 3704 (bei
738 3637 768 3690 L.
824 3635 981 3690 Hannibale
1011 3635 1085 3690 Heer
1102 3637 1164 3690 cina
1183 3637 1308 3690 conluvio
1331 3651 1385 3689 om-

210 3706 334 3777 haufige)
352 3706 559 3776 Abwecbslung
582 3707 613 3759 in
631 3706 680 3760 der
700 3706 771 3760 Con·
824 3707 904 3760 aium
916 3707 1037 3775 pontium
1050 3708 1175 3776 genannt
1190 3705 1268 3772 wird,
1287 3706 1387 3774 quibus

210 3775 347 3832 struction
365 3776 415 3830 der
433 3776 599 3845 Participia3
624 3777 681 3846 vgl.
701 3782 727 3844 2,
745 3783 770 3831 9.
824 3792 881 3830 aba
899 3777 952 3842 lac,
969 3793 1027 3832 aon
1044 3793 1113 3844 mos,
1131 3778 1300 3845 moliaque
1318 3792 1385 3830 com-

211 3847 772 3987 circumciduntur&
825 3849 926 3972 tt?
940 3841 1314 3972 arbitratur
1327 3848 1386 3970 tlt·

211 3989 295 4045 atelle
323 3989 585 4057 entgegcngesetrte
618 3987 693 4043 Seite
725 4004 772 4058 ge·
822 3958 973 4057 propc'dei
990 3959 1109 4043 esseut,
1302 3958 1311 3984 ’

210 4059 312 4127 meiat,
336 4059 397 4114 also
415 4058 559 4113 viellcicbt
577 4058 622 4113 die
641 4058 772 4126 Secseite,
863 4065 906 4111 13.
920 4058 1383 4129 valeread]‘llinflussbabenauf’.

211 4147 268 4184 von
291 4147 335 4184 wo
359 4129 409 4184 der
426 4128 502 4199 Burg
523 4146 559 4183 an
583 4130 642 4184 sich
665 4129 773 4184 schwer
862 4129 944 4199 sicut]
964 4129 1036 4184 ohne
1054 4131 1096 4184 ita
1110 4130 1151 4183 im
1164 4129 1327 4198 Folgenden
1340 4129 1387 4183 bei

210 4200 426 4255 beiaukommen
434 4216 501 4268 war,
516 4201 573 4253 und
588 4199 633 4254 die
646 4199 773 4269 inFolge
827 4199 858 4253 L.
877 4198 985 4270 htufiffl
1005 4218 1025 4253 s.
1046 4205 1089 4268 33,
1108 4206 1133 4254 9.

212 4271 312 4325 descen
330 4270 486 4340 mbglicber
504 4270 599 4324 Weiss
618 4286 689 4340 gana
713 4287 773 4324 ver·
864 4276 906 4326 14.
934 4287 983 4324 aec
997 4295 1031 4315 =
1046 4277 1071 4326 et
1087 4271 1133 4341 aa]
1148 4271 1195 4325 bei
1203 4272 1234 4325 L.
1253 4271 1331 4325 faura
1344 4287 1387 4326 so-

211 4341 386 4410 nacbl'aaaigt
402 4341 506 4395 warde.
829 4357 881 4410 gar
903 4341 950 4396 bei
971 4357 1254 4411 vorangcgangenem
1280 4357 1315 4395 aa
1337 4341 1386 4395 das

248 4417 273 4466 9.
301 4417 364 4481 auc]
389 4411 440 4466 auf
459 4412 510 4466 das
533 4412 636 4483 Object
657 4427 700 4466 eoa
726 4411 774 4466 be·
827 4427 912 4480 aeque
931 4411 1012 4466 einen
1030 4411 1220 4467 Absichtssatz
1239 4413 1304 4468 fort.
