2934 4952
157 267 164 278 “
207 287 249 351 14
569 287 680 356 amna
697 289 809 344 xxnu.
839 289 917 345 one.
937 297 961 346 e.
982 297 1007 348 ι.
1217 316 1237 344 a
1255 317 1278 346 u.
1297 317 1317 345 ι.
1337 307 1393 347 en.

206 451 305 516 etiam
322 450 418 536 regis,
440 449 580 519 materni
598 451 659 534 avi,
677 451 835 516 iubebant
851 452 1048 537 meminisse,
1065 453 1265 537 legationem
1283 454 1392 536 misit,

206 561 271 623 qua
299 560 410 604 acaum
437 539 590 604 censebat
613 537 724 604 Sicilia
751 541 814 605 sibi
842 541 932 606 omni
956 541 1039 624 aedi,
1066 539 1181 606 ltaliae
1208 541 1391 626 imperium

170 646 186 694 9
205 629 374 712 proprium
389 628 500 712 quaeri
515 625 779 713 Carthaginiensi
792 630 925 713 populo.
952 630 1036 695 hane
1050 630 1268 720 levitatem-aa
1283 630 1391 695 iacta-

204 717 332 781 tionem
352 717 452 780 animi
469 736 574 799 neque
595 717 800 782 mirabantur
817 718 852 782 in
869 718 985 782 iuvene
1005 718 1127 783 furioso
1145 739 1249 802 neque
1269 723 1390 803 argue-

167 805 294 888 7bant,
318 804 492 870 dummodo
516 808 699 869 averterent
721 827 794 870 eum
813 807 855 870 ab
873 806 1039 871 Romanis.
1084 805 1141 871 sed
1162 807 1272 870 omnia
1290 807 1326 871 in
1346 829 1391 871 eo

205 893 397 978 praecipitia
425 893 467 957 ad
494 892 626 957 exitium
654 894 795 958 fuerunt.
839 916 916 959 nam
944 917 1018 959 cum
1045 895 1233 978 praemissis
1256 894 1391 979 Hippo·
1452 949 1453 970 ,

206 986 293 1047 crate
313 985 409 1066 atque
427 979 572 1065 Epicyde
591 1003 664 1046 cum
686 981 773 1050 binis
791 983 923 1048 milibus
947 986 1146 1048 armatorum
1165 983 1206 1048 ad
1222 987 1392 1066 temptan-

170 1087 186 1133 2
207 1070 263 1135 das
281 1071 388 1153 urbes,
408 1091 490 1153 quae
508 1070 679 1154 praesidiis
696 1071 892 1136 tenebantur
905 1071 1073 1156 Romanis,
1092 1076 1125 1136 et
1143 1073 1213 1156 ipse
1231 1073 1268 1136 in
1281 1072 1392 1138 Leon—

204 1160 291 1225 tinos
316 1180 387 1223 eum
412 1161 517 1224 cetero
541 1159 631 1222 omni
655 1159 798 1224 exercitu
822 1197 860 1207 —
887 1163 980 1225 erant
1003 1164 1113 1225 autem
1138 1161 1178 1225 ad
1201 1160 1391 1245 quindecim

170 1248 299 1312 emilia
321 1247 467 1331 peditum
491 1248 698 1331 equitumque
716 1286 754 1294 —
771 1247 935 1332 profectus
955 1252 1033 1332 erat,
1055 1249 1175 1313 liberas
1199 1249 1287 1314 aedis
1310 1271 1391 1314 con-

205 1336 305 1400 iurati
322 1372 360 1382 —
377 1338 411 1399 et
428 1356 540 1399 omnes
560 1335 644 1400 forte
661 1336 847 1401 militabant
860 1337 1116 1402 -imminentes
1130 1338 1202 1402 viae
1217 1343 1391 1422 angustae,

173 1440 273 1508 4qua
300 1422 493 1487 descendere
521 1424 562 1488 ad
589 1423 695 1489 forum
723 1446 780 1489 rex
807 1425 946 1504 solebat,
974 1429 1192 1509 sumpserunt.
1237 1426 1282 1490 ibi
1310 1448 1390 1492 cum

206 1513 322 1577 suncti
348 1511 528 1596 armatique
552 1514 651 1577 ceteri
672 1513 848 1578 transitum
871 1517 1076 1597 expectantes
1099 1517 1238 1598 starent,
1265 1514 1322 1578 uni
1347 1537 1389 1580 ex

206 1601 252 1665 eis
267 1637 309 1646 -
324 1599 499 1666 Dinomeni
520 1600 584 1666 fuit
602 1623 722 1666 nomen
736 1639 789 1685 —,
813 1603 889 1687 quia
907 1605 1016 1667 eustos
1040 1603 1185 1686 corporis
1209 1606 1288 1686 erat,
1311 1625 1390 1686 par·

205 1693 256 1754 tes
275 1687 370 1753 datae
390 1692 475 1773 sunt,
498 1687 543 1774 ut,
566 1711 639 1754 eum
663 1690 937 1775 adpropinquaret
953 1691 1069 1756 ianuae
1088 1713 1153 1776 rex,
1175 1712 1234 1775 per
1253 1713 1390 1757 causam

207 1778 351 1862 aliquam
374 1778 409 1841 in
431 1779 591 1863 angustiis
618 1780 795 1844 sustineret
822 1779 863 1843 ab
886 1782 979 1866 tergo
1008 1800 1134 1865 agmen.
1179 1781 1226 1844 ite
1249 1783 1285 1843 ut
1308 1802 1388 1844 con-

172 1871 341 1932 evenerat
362 1867 486 1931 factum
510 1871 567 1931 est
603 1871 771 1952 tamquam
794 1868 919 1932 laxaret
936 1868 1057 1932 elatum
1075 1868 1190 1952 pedem
1210 1867 1251 1932 ab
1270 1868 1388 1934 stricto

205 1955 306 2037 nodo,
333 1959 480 2020 moratus
503 1957 633 2020 turbam
656 1956 854 2021 Dinomenes
881 1960 1011 2020 tantum
1034 1956 1197 2021 intervalli
1219 1955 1311 2040 feeit,
1338 1962 1389 2035 ut,

206 2065 280 2109 cum
302 2043 338 2108 in
360 2047 617 2126 praetereuntem
641 2045 712 2109 sine
736 2045 869 2109 armatis
888 2065 999 2130 regem
1022 2046 1161 2129 impetus
1183 2044 1285 2128 fieret,
1308 2065 1389 2109 con-

171 2147 187 2194 e
206 2131 371 2196 foderetur
393 2131 517 2216 aliquot
538 2133 627 2216 prius
650 2133 838 2198 vulneribus
861 2155 959 2218 quam
988 2133 1130 2198 succurri
1153 2137 1272 2216 posset.
1319 2134 1386 2198 cla-

206 2240 295 2284 more
324 2223 358 2283 et
383 2220 527 2284 tumultu
555 2221 665 2285 audito
692 2223 726 2287 in
753 2220 968 2288 Dinomenem
994 2222 1060 2286 iam
1087 2220 1174 2285 haud
1201 2221 1298 2286 dubie
1327 2223 1387 2286 ob·

207 2311 349 2372 stantem
380 2308 448 2372 tela
477 2309 693 2395 coniciuntur,
724 2311 811 2374 inter
838 2332 921 2394 quae
948 2312 1059 2374 tamen
1087 2309 1210 2376 duobus
1240 2310 1387 2394 acceptis

242 2694 298 2746 qna
320 2693 414 2732 menne
436 2677 570 2747 censebat]
597 2677 667 2732 kurz
697 2680 768 2732 statt
821 2677 980 2733 wohnlichs
1000 2694 1135 2748 genesen.
1454 2715 1455 2728 ι

206 2764 262 2816 qna
284 2765 379 2803 menn
399 2765 453 2803 case
470 2763 497 2803 ae
520 2764 625 2802 censere
647 2749 767 2814 diceban
858 2755 882 2802 3.
902 2749 1013 2820 imeras]
1030 2773 1064 2794 ε
1077 2765 1188 2817 camec,
1209 2749 1262 2804 wis
1289 2766 1319 2804 es
1338 2749 1386 2817 25,
1454 2739 1455 2780 ³

207 2819 311 2873 ebenso
347 2824 396 2886 29,
424 2825 441 2873 8
481 2818 631 2874 Leonam
663 2835 768 2889 qnoque
824 2825 896 2888 10,9
915 2837 971 2874 von
989 2820 1134 2874 mehreren
1152 2819 1281 2874 Hausern
1294 2819 1387 2874 heisst

208 2905 319 2957 aequom
333 2905 438 2944 censere
454 2905 482 2942 ae
499 2889 597 2944 liberos
615 2906 677 2944 cese.
821 2905 925 2945 caenas
943 2892 1069 2945 testebant
1087 2891 1186 2945 dones.

243 2959 343 3014 Sintia
360 2961 415 3014 nti
428 2959 499 3030 cede]
520 2959 644 3016 dieselbe
659 2961 767 3016 Oonstr.
857 2961 1039 3032 imminenter]
1050 2961 1136 3030 wie3,
1147 2967 1163 3016 8
1174 2977 1228 3017 arn
1237 2963 1385 3016 imminens

207 3030 290 3098 (ohne
313 3029 368 3084 den
386 3029 473 3085 Dativ
497 3031 608 3101 dassen,
631 3032 768 3087 walchem
820 3033 894 3087 mun
913 3032 1034 3087 ‘stossen
1052 3033 1110 3089 an’.
1138 3039 1182 3100 40,
1197 3039 1214 3086 4
1232 3034 1314 3087 nrbes
1332 3033 1383 3086 im-

207 3100 253 3154 die
270 3100 424 3170 Haudlung
440 3119 475 3155 zu
493 3100 566 3158 Gute
584 3102 703 3172 kommt)
723 3109 767 3170 22,
820 3104 925 3157 minent
943 3103 1048 3157 Italiae
1067 3102 1176 3173 ‘liegen-
1188 3103 1291 3158 Italian
1308 3103 1386 3158 nahe

207 3173 333 3226 9cedcre
352 3173 519 3240 pocennone
540 3189 656 3241 maenae
678 3176 767 3240 fortn-
820 3173 878 3227 und
906 3174 1050 3229 bedrohen
1073 3174 1123 3230 cs'.
1162 3172 1297 3242 Vg1.41‚
1318 3182 1386 3240 1,2

206 3258 268 3297 nae.
309 3242 420 3297 Ebenso
450 3242 521 3298 wird
552 3245 694 3299 concedere
719 3261 768 3314 ge·
821 3246 944 3298 imminet
961 3246 1035 3299 mari
1053 3245 1137 3299 laeam

206 3312 326 3368 braucht
346 3312 413 3382 (22,
432 3319 480 3381 25,
499 3317 535 3384 1),
553 3314 601 3368 bei
619 3315 683 3369 dem
701 3316 769 3370 aber
857 3321 882 3370 4.
910 3320 1008 3370 menete
1033 3315 1268 3383 =instrneti(11,
1279 3317 1386 3384 9),was

208 3383 253 3438 die
267 3383 458 3454 ausgegebene
469 3385 558 3441 Sache
571 3385 767 3441 auchimAco.
822 3386 872 3440 der
890 3393 970 3456 gewo
1021 3385 1114 3440 ichere
1133 3385 1281 3440 Ausdruck
1301 3385 1346 3440 ist.

208 3455 296 3524 steht,
316 3453 370 3510 wie
389 3455 434 3525 21,
455 3463 479 3525 1,
498 3461 514 3511 5
534 3456 662 3512 Siciliam
683 3459 767 3512 nimis
856 3457 971 3528 starent]
988 3457 1178 3524 ‘dasttnden',
1193 3455 1322 3526 augleieh
1333 3473 1386 3510 aus

208 3526 287 3580 aeleri
304 3527 490 3595 desperatione
503 3544 594 3582 rernm
608 3544 766 3584 ecncemenn.
821 3527 886 3582 dem
910 3528 994 3583 Sinne
1017 3528 1110 3594 darer,
1139 3527 1184 3582 die
1210 3528 1275 3581 dem
1299 3525 1387 3581 Dino-

246 3596 273 3652 7.
295 3602 320 3650 2.
338 3598 371 3650 in
388 3597 548 3670 Leontinos]
569 3599 679 3669 durans,
704 3600 768 3654 dass
821 3613 915 3653 menes
934 3599 1012 3653 seine
1029 3598 1159 3668 Aufgabe
1178 3597 1357 3652 auertheilen.

208 3665 258 3720 der
278 3666 443 3724 Stadtname
465 3671 524 3723 und
543 3670 592 3724 der
610 3671 703 3724 Nema
718 3671 769 3724 der
857 3677 882 3725 5.
910 3671 1099 3736 confederata
1121 3668 1292 3739 onlnen'tns]
1316 3668 1386 3722 uhn-

207 3736 376 3803 Einnsohner
393 3739 519 3794 derselbe
533 3738 579 3805 ist,
598 3741 707 3796 scheint
721 3741 767 3794 die
821 3739 880 3794 lich
905 3746 952 3809 34,
976 3747 992 3794 9
1015 3742 1123 3812 uolnere
1140 3741 1247 3794 intacti.
1284 3740 1387 3794 onlnne

207 3808 768 3937 rtetblladistillrlllttltl
821 3809 1386 3936 statutumquam?

206 3950 256 4016 da,
279 3967 325 4005 wo
346 3968 399 4004 nur
417 3967 454 4005 an
476 3952 522 4006 die
541 3924 623 4007 sedet
645 3953 769 4024 gedacht
821 3899 1077 4022 Bedeutungngvon
1105 3951 1227 4018 ‘Stich’3
1271 3952 1327 4022 vgl.
1357 3951 1384 4020 2,

207 4021 320 4076 werden
337 4020 426 4090 kann,
449 4022 503 4076 wie
521 4022 596 4092 hier,
620 4023 666 4079 die
684 4023 767 4094 Prtp.
823 4029 898 4092 47,1
918 4023 1012 4078 consul
1030 4023 1170 4090 mortifero
1187 4025 1298 4078 vnlnere
1314 4023 1385 4076 ictus

206 4091 390 4162 regelmtssig
409 4094 516 4161 (ausser
534 4099 577 4162 30,
592 4097 620 4166 8)
638 4095 769 4164 hinauge·
823 4095 907 4149 cedit.

209 4164 281 4217 setzt
297 4163 348 4231 ist;
368 4180 388 4216 s.
408 4182 430 4218 a.
449 4162 480 4216 B.
500 4170 544 4234 21,
562 4171 587 4219 2.
859 4172 883 4220 6.
912 4165 1100 4236 hauddubie]
1127 4165 1209 4236 ‘ganz
1232 4163 1309 4220 offen
1326 4164 1384 4218 und

244 4238 328 4289 cetero
346 4234 432 4304 omne]
453 4253 473 4289 s.
494 4254 528 4290 eu
548 4242 571 4304 1,
592 4243 617 4292 6.
714 4247 718 4258 ’
823 4235 1050 4306 unzwsideutig'.

244 4320 305 4358 nnn
315 4305 455 4374 profectus
466 4307 537 4378 erat]
552 4307 617 4362 dem
627 4307 768 4363 Schriftst.
857 4307 943 4377 inter]
961 4306 1075 4362 ‘mitten
1087 4306 1225 4362 zwischen
1233 4306 1383 4372 -durch',

208 4373 334 4429 schwebt
347 4375 409 4431 hier
422 4377 472 4431 der
487 4377 629 4434 dauernde
644 4377 769 4433 Znstand
823 4377 877 4432 wie
900 4383 984 4446 41,9
1011 4379 1084 4432 inter
1110 4377 1176 4432 bina
1203 4382 1296 4432 canen
1323 4393 1384 4432 cum

209 4460 266 4513 vor,
285 4445 327 4501 als
346 4461 427 4502 wenn
445 4463 475 4502 er
492 4449 676 4518 geschrisben
688 4449 769 4504 hatte
822 4465 924 4518 maesta
942 4449 1022 4504 caede
1039 4449 1156 4504 tonino
1173 4448 1267 4504 neon
1285 4449 1384 4503 estin
