2934 4952
108 299 132 327 a.
154 285 205 328 ca.
224 298 247 326 n.
265 287 313 328 ιιι.
512 271 622 326 araas
639 271 751 327 ιιιιιιιι.
782 271 859 352 aar.
878 279 903 328 e.
1250 275 1291 338 13
1308 261 1315 272 '

111 434 298 520 spectabat3
329 434 494 519 legatique
518 434 560 499 ad
584 432 804 498 Hannibalem
838 435 930 500 missi
957 457 994 499 ao
1027 437 1154 501 remissi
1181 438 1222 502 ab
1251 457 1324 504 eoa

110 546 185 588 cum
217 522 402 588 Hannibale
433 522 537 586 nobili
570 523 774 588 adulescente
808 521 1024 607 Hippocrates
1057 528 1090 589 et
1118 525 1290 610 Epicydes,

103 612 183 676 'nati
202 609 410 696 Carthagine,
434 611 491 676 sed
511 611 639 676 oriundi
658 611 699 675 ab
715 609 883 695 Syracusis
902 612 994 676 exule
1013 635 1083 695 avo,
1106 612 1205 678 Poeni
1224 615 1290 698 ipsi

111 704 259 765 materno
288 721 414 785 genere.
459 721 517 782 per
545 699 605 765 hos
633 700 743 763 iuncta
770 699 907 764 societas
930 698 1109 765 Hannibali
1132 723 1169 767 ao
1193 700 1324 787 Syra-3

109 811 232 854 cusano
255 791 410 872 tyrannm
437 809 498 852 nec
520 787 622 853 invito
645 786 831 853 Hannibale
856 789 941 872 apud
965 791 1140 871 tyrannum
1163 812 1289 856 manse·

109 881 198 943 runt.
244 877 371 961 Appius
400 875 555 942 Claudius
582 880 727 960 praetor,
756 877 847 941 cuius
877 874 989 941 Sicilia
1016 878 1183 961 provincia
1211 883 1325 963 crat,4

110 965 169 1030 ubi
192 988 230 1030 ea
253 965 389 1050 accepit,
417 965 579 1048 extemplo
607 965 733 1051 legatos
762 964 803 1029 ad
825 964 1062 1048 Hieronymum
1088 967 1188 1032 misit.
1233 968 1289 1052 qui

111 1075 186 1119 cum
209 1076 279 1120 sese
298 1053 340 1118 ad
357 1053 576 1119 renovandam
595 1053 794 1136 societatem,
817 1075 899 1138 quae
918 1075 992 1118 cum
1010 1075 1071 1119 avo
1091 1054 1215 1139 fuisset,
1237 1078 1289 1120 vc-

109 1142 199 1207 nisse
223 1143 379 1226 dicerent,
407 1164 463 1226 per
490 1141 668 1207 ludibrium
693 1141 795 1206 audibi
818 1141 1005 1226 dimissique
1029 1147 1106 1207 sunt
1130 1144 1170 1208 ab
1195 1167 1290 1228 quae·

109 1233 203 1296 rente
225 1254 283 1316 per
305 1231 412 1297 iocum
430 1229 642 1313 Hieronymo,
666 1250 747 1313 quae
771 1229 902 1295 fortuna
925 1231 971 1296 eis
994 1251 1124 1316 pugnae
1148 1233 1189 1296 ad
1208 1231 1324 1299 Can-c

109 1342 170 1384 nas
201 1320 331 1384 fuisset:
364 1319 419 1383 vix
449 1317 616 1383 credibilia
645 1317 732 1382 enim
761 1318 887 1403 legatos
915 1318 1113 1385 Hannibalis
1143 1343 1288 1405 narrare3

110 1408 202 1492 velle,
228 1407 305 1492 quid
328 1407 397 1473 veri
421 1406 472 1490 sit,
496 1406 586 1490 scire,
609 1409 647 1470 ut
665 1428 704 1470 cx
722 1428 769 1492 cc,
792 1410 899 1472 utram
919 1430 1010 1491 spem
1029 1411 1191 1493 sequatur,
1216 1431 1289 1475 eou-

111 1496 222 1561 silium
245 1495 363 1580 capiat.
406 1493 554 1573 Romani,
577 1517 650 1560 cum
675 1495 757 1564 serio
781 1495 962 1581 legationes
986 1497 1096 1562 audire
1120 1499 1289 1582 coepisset,
1308 1518 1324 1566 e

110 1584 273 1649 redituros
297 1605 331 1648 se
354 1583 492 1647 adeum
515 1582 657 1647 dicentes
682 1605 760 1666 asse,
783 1587 907 1649 monito
926 1585 1032 1670 magis
1056 1607 1092 1650 eo
1117 1609 1214 1670 quam
1236 1609 1289 1653 ro·

112 1679 202 1758 gato,
224 1693 264 1736 ne
287 1671 382 1736 fidem
405 1675 526 1736 temere
545 1674 693 1755 mutaret,
716 1673 971 1756 proficiscuntur.
1006 1672 1226 1759 Hieronymus
1244 1676 1323 1743 lc·r

111 1764 207 1846 gatos
232 1758 463 1844 Carthaginem
481 1759 572 1824 misit
590 1761 631 1824 ad
649 1759 762 1826 foedus
782 1783 822 1825 ex
840 1762 994 1826 societate
1013 1785 1086 1827 cum
1104 1762 1288 1828 Hannibale

110 1852 208 1932 pacta
236 1849 430 1913 faoiendnm.
480 1849 644 1930 convenit,
674 1851 724 1932 ut,
756 1869 830 1913 oum
856 1849 1023 1914 Romanos
1052 1849 1161 1916 Sicilia
1191 1873 1289 1934 expu-

110 1937 227 2002 lissent
248 1974 286 1982 —
308 1937 341 2002 id
361 1940 470 2002 autem
487 1936 580 2001 brevi
597 1936 677 2021 fore,
701 1937 729 2000 si
746 1959 846 2002 naves
866 1940 963 2022 atque
986 1939 1160 2004 exercitum
1183 1941 1288 2005 misis-

109 2029 184 2090 sent
205 2061 258 2109 -,
281 2023 419 2090 Himera
442 2025 558 2108 amnis,
575 2025 639 2108 *qui
662 2025 764 2090 ferme
787 2025 904 2091 dividit
925 2027 1076 2112 ire-sulum,
1098 2028 1173 2092 finis
1195 2029 1289 2113 regni
1383 2071 1386 2078 ι

109 2113 306 2198 Syracusani
330 2135 368 2178 ac
391 2113 505 2178 Punici
527 2114 657 2198 imperii
681 2117 774 2180 esset.
821 2114 919 2179 aliam
942 2114 1055 2180 deinde
1078 2115 1209 2180 inflatus
1234 2117 1324 2185 ads

110 2203 349 2268 sentationibus
370 2224 492 2286 eorum,
516 2203 571 2286 qui
595 2224 668 2267 eum
687 2225 755 2269 non
773 2202 925 2268 Hieronis
944 2207 1074 2269 tantum
1093 2204 1149 2269 sed
1167 2203 1289 2288 Pyrrhi

110 2377 150 2430 im
182 2378 243 2432 Lat
277 2375 471 2431 umachriaben
502 2374 580 2432 wird.
622 2375 673 2431 Bei
726 2377 843 2445 dimissi,
862 2379 962 2446 ecquod
979 2379 1090 2445 feminis
1108 2395 1212 2450 quoque
1225 2397 1287 2452 asy-

110 2448 264 2515 Pereonen,
287 2448 333 2502 die
353 2450 439 2502 etwas
463 2446 520 2515 (ein
543 2445 612 2513 Ziel)
632 2446 673 2500 im
726 2449 784 2502 lum
802 2451 979 2516 operuissent.

109 2520 191 2588 Auge
205 2519 307 2586 haben,
323 2517 399 2574 steht
411 2523 533 2586 spectare
543 2517 597 2572 mit
606 2517 672 2572 Acc.
763 2525 788 2572 ὁ.
815 2519 892 2589 uelle]
917 2520 989 2574 ohne
1007 2536 1041 2576 se.
1079 2521 1141 2576 Liv.
1164 2521 1236 2577 laset
1258 2522 1289 2576 in

109 2589 179 2643 oder
198 2590 242 2642 ad.
727 2588 904 2645 darconstr.
931 2590 980 2644 des
998 2592 1098 2646 Aecus.
1122 2609 1145 2648 c.
1164 2592 1214 2648 inf.
1238 2593 1288 2648 das

145 2666 171 2713 2.
190 2659 278 2730 missi]
297 2658 342 2712 die
357 2676 411 2713 von
424 2657 610 2728 Hieronymus
624 2675 672 2782 ge·
727 2659 1010 2730 Subjectrpronomen
1027 2678 1055 2716 se
1073 2662 1116 2716 olt
1129 2679 1180 2718 aus
1194 2665 1248 2732 (30,
1261 2670 1287 2719 4.

108 2729 255 2786 schickten
283 2728 445 2784 Gesandten
471 2747 566 2784 waren
589 2730 630 2784 Po
640 2748 671 2799 y·
726 2736 769 2798 48,
789 2734 830 2800 6),
847 2731 1021 2786 namentlich
1039 2732 1086 2786 bei
1103 2735 1168 2788 celle
1187 2734 1241 2803 (23,
1260 2738 1288 2800 8)

110 2800 214 2855 klcitor
233 2819 283 2856 aus
297 2800 407 2870 Kyrene
422 2801 480 2854 und
493 2800 672 2854 Philodemos
725 2801 783 2855 und
801 2800 877 2856 beim
895 2802 947 2858 Inf.
966 2802 1029 2856 rur.
1048 2803 1125 2871 Act,
1149 2822 1194 2859 wo
1213 2805 1288 2859 dann
1366 2817 1371 2826 ·

112 2871 159 2926 ein
190 2871 319 2942 Argiver.
364 2871 421 2926 Der
457 2870 672 2940 mitgeschickte
724 2873 755 2926 in
774 2873 823 2926 der
836 2872 926 2942 Rege}
944 2874 1017 2927 auch
1033 2890 1087 2930 eree
1104 2874 1189 2943 fehlt;
1208 2893 1228 2929 a
1245 2882 1288 2944 14,

109 2942 261 3009 Hannibal,
288 2942 410 2997 welcher
434 2941 581 2996 Tricrarch
603 2958 671 3009 war,
726 2950 751 2998 6.
771 2949 795 2998 1.
815 2949 858 3010 22,
878 2949 893 2996 3
912 2945 971 2998 und
990 2945 1039 3000 oft.

109 3013 219 3067 scheint
236 3013 281 3066 die
299 3012 496 3081 Bestimmung
514 3013 620 3082 gehabt
638 3031 672 3066 zu
693 3039 697 3044 ·
761 3018 854 3068 utram
875 3030 948 3081 apem
970 3016 1035 3086 seu]
1061 3016 1126 3070 sehr
1148 3016 1216 3070 kara
1238 3034 1287 3086 ge-

110 3083 212 3149 haben,
226 3083 360 3137 wahrend
373 3083 423 3137 das
434 3082 612 3152 Brddcrpaar
625 3082 672 3138 bei
725 3084 797 3138 fasst
811 3085 882 3138 statt
897 3085 1134 3142 ‘welcherPartci
1149 3104 1179 3141 er
1191 3087 1288 3156 folgen

110 3152 297 3222 Hieronymus
310 3153 396 3220 blieb,
411 3153 675 3222 spatardieRatifi-
726 3154 881 3214 solleund
908 3174 964 3211 von
991 3158 1112 3212 welcher
1141 3175 1170 3212 er
1200 3159 1288 3212 durch

111 3223 205 3278 oetion
234 3223 283 3278 des
306 3223 469 3293 Vertrages,
496 3225 617 3278 welcher
641 3224 672 3278 in
726 3225 822 3280 seinen
844 3228 999 3282 Anschluss
1022 3231 1109 3284 etwas
1134 3247 1168 3283 au
1186 3229 1289 3290 ,hoffen

110 3295 243 3350 Aussicht
268 3295 363 3360 stand,
387 3293 421 3349 in
444 3292 586 3364 Carthago
609 3312 671 3364 per·
724 3297 820 3352 habe'.

72 3405 74 3409 ψ
110 3365 218 3420 stolich
245 3384 280 3420 au
307 3366 504 3420 beldrworten.
541 3365 670 3432 [11θὲ7
762 3375 787 3424 6.
806 3368 878 3439 cum]
900 3368 1015 3423 ‘wann'.

110 3437 274 3492 erwahnten
296 3435 456 3492 Gesandten
481 3436 619 3506 begleitet
641 3453 672 3491 er
761 3439 878 3493 diceutes
896 3439 961 3509 erec]
981 3440 1043 3494 eine
1062 3440 1127 3495 dem
1143 3440 1203 3496 Liv.
1224 3443 1288 3497 sehr

110 3507 249 3561 demnach
271 3527 306 3561 au
328 3507 434 3563 diesem
458 3507 587 3575 Zwecke,
613 3507 672 3561 und
725 3509 1080 3580 geltufigeNachrtellung
1094 3510 1143 3564 des
1157 3513 1287 3568 tonlosen

111 3594 142 3632 so
162 3578 233 3632 wird
256 3578 301 3632 die
325 3579 376 3633 auf
395 3579 503 3633 blosser
521 3579 671 3633 Ueberein-
724 3579 782 3633 und
801 3579 900 3634 darum
922 3579 964 3634 oft
986 3582 1200 3650 auagelassenan
1219 3583 1286 3639 Ver-

110 3648 193 3702 kunft
210 3649 369 3704 beruhende
391 3650 504 3704 sociare
527 3667 561 3702 zu
580 3647 671 3703 ciuem
724 3649 806 3704 bums
824 3666 893 3716 essa·
911 3668 932 3705 s.
951 3670 985 3705 au
1004 3657 1018 3716 5
1038 3657 1063 3708 5.

111 3717 237 3772 feierlich
262 3720 476 3787 geschlossenen
500 3720 597 3787 foedus
622 3721 671 3774 der
761 3722 841 3788 fidere
859 3722 937 3792 mua]
953 3723 1009 3792 vgl.
1024 3722 1070 3793 22,
1081 3731 1125 3791 22,
1142 3732 1157 3780 6
1176 3725 1286 3782 Abelux

111 3788 237 3843 Staaten.
725 3808 786 3847 ouur
803 3794 919 3859 fortuna
936 3799 1089 3850 mutauerat
1106 3797 1193 3863 fidere.

146 3861 225 3913 ercule
243 3860 305 3930 aco]
324 3859 364 3914 ist
381 3859 445 3914 Abl.
465 3861 523 3914 abs.
761 3870 785 3916 7.
804 3864 901 3931 foedus
919 3880 953 3918 ar
970 3865 1036 3936 soc]
1056 3884 1075 3924 s.
1096 3871 1111 3932 5
1130 3873 1154 3921 3.

145 3937 170 3986 4.
190 3929 302 3999 Appius
321 3930 469 4001 Claudius]
490 3931 616 3985 Pulcher.
759 3933 877 3989 Himera
891 3935 992 4006 amru]
1012 3937 1072 3992 dies
1085 3937 1130 3992 die
1145 3939 1285 4007 gewthnl.

144 4001 342 4071 reuocandum]
366 4003 415 4056 der
439 4002 533 4071 Ktnig
554 4003 671 4058 Perseus
726 4003 863 4076 Stellung.

110 4072 234 4127 schreibt
259 4092 280 4126 a.
299 4073 331 4126 B.
357 4071 413 4139 42,
432 4077 479 4141 25,
500 4079 533 4126 10
561 4089 598 4127 an
625 4073 670 4128 die
760 4075 973 4200 dividitgnaml.
987 4077 1098 4132 inawei
1112 4078 1283 4148 fast(serrue)

110 4143 224 4198 Rbmer:
242 4144 339 4211 foedus
357 4161 419 4198 curu
432 4149 515 4212 putre
532 4145 618 4199 ictum
632 4146 671 4200 cd
724 4145 835 4216 gleiche
881 4147 982 4214 'alitem
1014 4149 1120 4220 ehenso
1143 4149 1214 4203 wird
1238 4149 1286 4218 23,

111 4230 138 4268 se
154 4215 226 4279 uitii
239 4216 393 4284 perticere·
406 4215 437 4270 id
450 4231 477 4270 se
493 4216 622 4271 reuocari
636 4246 669 4258 -·
725 4218 1120 4289 1r‚1ogesagt,(0asiliuum
1140 4219 1285 4291 Volturno)

107 4301 228 4354 pumma.
724 4289 861 4344 diuiditur
880 4291 964 4344 omui.
1041 4344 1045 4366 ,

146 4358 180 4410 ab
204 4357 358 4428 quaerente]
390 4355 456 4411 ‘mit
480 4357 530 4412 der
552 4356 669 4428 Frage'3
760 4363 785 4412 8.
815 4359 954 4430 Pyrrhus]
980 4361 1010 4416 P.
1039 4378 1096 4416 war
1119 4360 1285 4418 Grossvater

110 4426 166 4497 vgl.
181 4427 207 4497 1,
221 4434 246 4496 9,
261 4433 277 4482 5
298 4429 468 4498 aptumque
485 4429 671 4499 rogitantibus
725 4429 774 4484 des
793 4430 993 4501 Hieronymus,
1021 4431 1058 4487 da
1077 4432 1146 4488 Gelo
1170 4433 1215 4489 die
1229 4434 1285 4488 Ne·
