2934 4952
79 279 103 310 ι.
125 268 178 310 cnr.
196 280 219 308 n.
237 269 285 310 arr.
439 251 548 307 LIBER
564 251 674 307 XXIIII.
706 251 784 308 041³.
804 257 846 308 12.
867 257 909 306 13.
1219 247 1263 314 23

84 413 233 500 Capuam
266 415 440 480 exercitum
469 413 672 480 admoveret:
706 412 747 479 ad
777 435 848 479 eam
879 412 1130 498 oppugnandam
1160 434 1264 478 novos

84 505 244 570 exercitus
273 503 372 569 scribi
394 502 532 587 Romae,
563 523 623 567 nec
650 502 746 568 ullius
774 502 864 567 urbis
892 500 1066 566 defectioni
1088 501 1193 588 magis
1216 501 1265 566 in-

84 593 198 657 fensos
225 615 335 658 eorum
363 593 489 656 animos
517 613 595 656 esse.
641 590 674 655 id
707 590 783 676 quia
809 593 877 655 tam
907 588 1031 673 trepide
1058 589 1300 674 nuntiabant,3

87 680 315 746 maturandum
339 679 506 745 Hannibal
528 682 634 762 ratus,
656 701 697 744 ne
720 679 948 764 praevenirent
964 677 1120 763 Romani,
1142 678 1266 763 profec-

84 772 142 833 tus
165 769 262 853 Arpis
291 768 333 834 ad
361 768 471 834 Tifata
497 769 533 833 in
560 767 722 833 veteribus
751 767 865 832 castris
897 788 993 850 super
1016 763 1162 850 Capuam
1190 788 1266 832 con-

86 857 181 922 sedit.
221 858 295 922 inde
318 855 468 922 Numidis
491 856 712 941 Hispanisque
740 855 781 921 ad
804 855 1002 940 praesidium
1026 855 1122 920 simul
1145 858 1266 921 castro·
1285 868 1303 917 4

84 945 161 1010 rum
185 946 282 1010 simul
296 944 427 1030 Oapuae
444 945 567 1011 relictis
586 967 659 1010 cum
679 947 784 1009 cetero
801 941 944 1009 'exercitu
964 943 1003 1008 ad
1023 945 1130 1009 lacum
1144 942 1265 1010 Averni

86 1057 148 1118 per
171 1036 311 1118 speciem
333 1034 549 1106 sacrificandi,
572 1055 606 1098 re
629 1033 716 1117 ipsa,
739 1035 776 1097 ut
797 1035 974 1116 temptaret
991 1031 1143 1098 Puteolos
1167 1032 1267 1118 quod·

86 1145 151 1207 que
174 1123 221 1188 ibi
243 1123 437 1204 praesidium
461 1126 543 1205 erat,
566 1120 739 1187 descendit.
776 1119 952 1204 Maximus,
979 1125 1153 1206 postquam
1177 1119 1267 1186 Han·
1286 1132 1303 1182 6

86 1211 231 1276 nibalern
246 1212 344 1295 Arpis
367 1211 548 1296 profectum
568 1212 602 1297 et
618 1208 745 1296 regredi
762 1209 799 1274 in
814 1207 1023 1293 Campaniam
1044 1209 1189 1275 adlatum
1208 1214 1267 1296 est,

86 1322 149 1365 nec
173 1300 225 1365 die
247 1321 307 1365 nec
330 1304 426 1365 nocte
449 1298 636 1363 intermisso
660 1297 775 1362 itinere
798 1298 839 1362 ad
862 1299 1037 1363 exercitum
1059 1297 1143 1363 redit
1166 1301 1199 1363 et
1217 1298 1267 1364 Ti.
1286 1312 1302 1361 6

87 1387 272 1454 Gracchum
307 1388 347 1452 ab
375 1387 510 1452 Luceria
536 1384 758 1452 Beneventum
786 1386 895 1470 copias
924 1387 1109 1470 admovere,
1142 1385 1178 1463 Q.
1206 1385 1267 1452 Fa·

87 1477 180 1542 bium
212 1479 395 1560 praetorem
424 1511 469 1522 -
499 1476 527 1539 is
559 1475 644 1539 filius
677 1476 819 1541 consulis
851 1478 922 1540 erat
951 1512 990 1522 —
1025 1477 1069 1542 ad
1097 1474 1267 1541 Luceriam

88 1565 238 1630 Graccho
254 1562 423 1629 succedere
436 1565 534 1628 iubet.
547 1599 586 1611 -
602 1562 638 1628 In
655 1561 798 1629 Siciliam
812 1563 925 1629 eodem
938 1567 1084 1650 tempore
1099 1564 1162 1630 duo
1177 1587 1267 1650 prae
1287 1578 1302 1627 7

88 1657 179 1719 tores
212 1651 362 1737 profecti,
394 1651 429 1717 P.
453 1650 621 1718 Oomelius
654 1652 694 1716 ad
727 1653 916 1736 exercitum,
947 1651 984 1718 T.
1008 1651 1178 1738 Otacilius,
1211 1653 1267 1737 qui

89 1741 275 1806 maritimae
299 1761 373 1805 orae
395 1740 505 1825 reique
528 1741 638 1805 navali
657 1745 829 1825 praeesset.
866 1746 899 1807 et
917 1742 1016 1806 ceteri
1034 1741 1069 1806 in
1087 1763 1162 1808 suas
1181 1743 1268 1825 quis·
1286 1755 1303 1805 8

88 1829 970 2002 11333333333311,11113333333
994 1831 1165 1915 imm
1188 1835 1268 1915 ml

179 2006 231 2070 Ad
249 2005 480 2084 Hannibalern,
504 2028 578 2071 curn
601 2005 643 2071 ad
661 2005 768 2071 lacum
786 2004 908 2071 Averni
928 2010 1025 2085 esset,
1049 2005 1190 2091 quinque
1207 2027 1266 2072 no·
1278 2023 1320 2089 13

88 2095 173 2160 biles
202 2096 335 2159 iuvenes
367 2095 408 2159 ab
432 2093 574 2159 Tarento
598 2098 769 2178 venerunt,
799 2094 921 2178 partim
944 2095 984 2159 ad
1008 2094 1266 2160 Trasumennum

88 2185 196 2248 lacum
224 2184 346 2268 partim
374 2181 415 2248 ad
438 2180 568 2248 Cannas
597 2183 683 2266 capti
710 2182 896 2268 dimissique
924 2183 1037 2248 domos
1061 2205 1133 2248 curn
1157 2184 1268 2248 eadem

88 2273 257 2355 comItate,
280 2294 344 2356 qua
366 2293 444 2336 usus
467 2270 622 2336 adversus
646 2291 757 2336 omnes
776 2269 998 2337 Romanorum
1017 2271 1122 2338 socios
1141 2271 1268 2338 Poenus

89 2360 207 2424 fuerat.
244 2361 273 2424 ei
296 2381 454 2425 memores
477 2359 705 2425 beneficiorum
729 2360 799 2425 eius
822 2361 1001 2445 perpulisse
1025 2381 1178 2446 magnam
1196 2375 1304 2446 par-a

90 2453 159 2513 tem
183 2471 217 2513 se
239 2448 416 2513 iuventutis
429 2447 623 2512 Tarentinae
646 2447 804 2532 referunt,
827 2453 864 2514 ut
876 2447 1071 2515 Hannibalis
1092 2445 1270 2515 amicitiam

91 2558 130 2601 ac
163 2537 352 2602 societatem
384 2558 481 2621 quam
513 2537 624 2622 populi
654 2536 794 2603 Romani
825 2538 974 2623 mallent,
1005 2539 1194 2624 legatosque
1228 2539 1268 2603 ab

92 2626 159 2691 suis
188 2626 305 2690 missos
334 2645 450 2710 rogare
473 2623 703 2710 Hannibalem,
735 2630 772 2690 ut
795 2625 970 2691 exercitum
993 2627 1125 2710 propius
1149 2625 1270 2692 Taren·

89 2718 161 2778 turn
190 2712 368 2778 admoveat.
406 2713 434 2779 si
462 2714 557 2798 signa
587 2715 670 2799 eius,
702 2715 729 2779 ai
758 2717 865 2780 castra
887 2717 1061 2798 conspecta
1083 2736 1104 2779 a
1125 2713 1304 2780 Tarentos

91 2929 234 2992 ocurrunt,
262 2940 306 2978 wo
334 2923 384 2979 das
409 2928 531 2993 orantes,
559 2925 653 2996 gleich
708 2925 983 2992 20‚14;cdlacum
1003 2924 1113 2980 Timavi
1133 2923 1179 2994 41,
1200 2931 1224 2993 1,
1243 2931 1269 2994 2,

91 2996 209 3062 oraturi,
223 2994 347 3064 weniger
361 2994 475 3050 aulltllt
488 2995 530 3049 als
544 2994 574 3050 in
584 2995 653 3050 Ver·
707 2995 760 3050 wic
793 2995 865 3050 auch
891 2993 981 3049 Fluss·
1009 2995 1067 3049 und
1095 2996 1269 3066 Bergnamen

92 3064 198 3119 bindun
234 3064 286 3119 mit
304 3067 416 3133 mittere,
434 3065 487 3121 wie
501 3081 531 3121 es
548 3065 653 3136 gleich-
707 3067 768 3133 (13,
792 3071 808 3120 6
836 3066 873 3120 ad
902 3065 1008 3121 Miseni
1036 3068 1269 3135 promoerium.

91 3136 158 3191 falls
182 3083 224 3190 od
247 3135 390 3206 gefunden
412 3135 483 3190 wird
510 3155 534 3191 a.
552 3137 583 3192 B.
607 3133 654 3204 25,
708 3142 751 3204 41,
766 3142 784 3190 4
802 3137 840 3191 ad
857 3141 973 3192 666166
994 3137 1270 3208 7166666616ποὶ-

94 3213 137 3275 13,
155 3215 171 3261 2
195 3209 296 3276 lepotce
313 3208 351 3262 ad
369 3207 557 3262 Hannibalem
577 3208 654 3262 misc·
707 3207 755 3262 len
773 3207 811 3262 im
829 3206 926 3264 Genet
947 3207 1131 3279 hinzugcfflgt
1147 3209 1270 3265 werden.

91 3283 160 3332 runt
173 3283 290 3344 orontes,
308 3282 389 3344 ut..,
407 3294 451 3332 wo
466 3284 575 3332 66616
588 3279 652 3332 Acc.
708 3277 766 3332 Der
790 3280 961 3334 Avernersce
989 3279 1090 3348 spielte
1117 3280 1157 3334 im
1182 3279 1270 3335 Aber-

91 3349 131 3403 ist
157 3350 230 3404 nach
256 3347 308 3417 21,
322 3355 400 3418 ,6,2
429 3349 512 3418 lopati
537 3347 654 3404 Romam
708 3350 832 3420 glauben
864 3350 913 3405 des
944 3349 1050 3404 Volkes
1083 3349 1145 3404 eine
1175 3367 1271 3419 grosse

93 3421 171 3475 arisai
188 3420 328 3474 auritium
346 3424 461 3474 orontes.
708 3421 799 3490 Ralla,
816 3420 913 3475 indam
927 3436 993 3474 man
1007 3419 1121 3476 dorthin
1137 3419 1192 3474 den
1206 3421 1272 3476 Ein-

129 3489 654 3561 eorum]erhlbrtderZusammenhang.
709 3508 786 3561 gang
803 3509 851 3545 aur
869 3485 1026 3545 Unterwelt
1044 3492 1189 3546 versetzte.

129 3567 153 3616 3.
178 3561 277 3631 Arpis]
297 3561 401 3616 ebenao
415 3565 430 3627 6
444 3567 469 3616 6.
497 3561 579 3615 Nach
593 3559 654 3615 Liv.
706 3613 708 3618 ,
745 3567 770 3616 6.
790 3561 996 3631 66166666]
1012 3561 1270 3632 hinaugesetztwie

94 3631 344 3702 Sprachgebrauch
358 3637 432 3686 ware
451 3633 486 3687 ab
501 3633 589 3702 Arpis
606 3631 655 3687 das
709 3629 755 3700 45,
776 3637 819 3699 17,
838 3638 853 3687 6
876 3633 991 3686 almam
1013 3635 1151 3688 succedere
1172 3633 1202 3689 0.
1221 3634 1272 3689 Iri-

95 3702 301 3772 gewbhnliche3
338 3702 412 3758 denn
446 3702 477 3758 L.
514 3704 586 3758 setat
622 3721 656 3756 zu
709 3703 837 3758 ainictu
861 3701 984 3758 Galliam
1010 3709 1128 3773 opertet:
1156 3704 1197 3759 ‘in
1226 3704 1272 3762 die

96 3772 298 3827 Stbdtenamen
316 3773 494 3844 vorwiegend
508 3792 526 3828 a
544 3773 601 3828 und
620 3774 655 3828 ab
710 3773 825 3844 Gcgend
839 3773 951 3843 amur,
969 3774 1107 3844 wie14,1
1129 3777 1166 3831 ad
1184 3775 1272 3832 Beue·

95 3842 179 3897 hinan
198 3842 305 3912 (Olcero
323 3862 349 3900 u.
365 3843 466 3899 Caesar
483 3844 539 3898 fast
557 3844 657 3898 immcr
708 3850 831 3914 666166,
852 3851 885 3900 17
915 3847 987 3900 Iud
1004 3846 1115 3902 Nolam.

96 3915 168 3970 ohne
182 3915 274 3997 Prtp,
293 3931 373 3970 wenn
386 3915 425 3970 sle
439 3914 520 4000 nicht
533 3914 655 3970 dieUm·
745 3915 794 3973 13.
828 3922 852 3971 1.
882 3888 1003 3988 166666]
1027 3916 1171 3972 Hannibal
1193 3935 1214 3973 s.
1237 3936 1272 3972 zu

95 3985 205 4121 gededdl
217 3985 656 4125 iiundcrrisdailitieieiacdniidiiaid
710 3992 917 4130 4727666168]
932 4058 985 4114 wie
1001 4065 1045 4126 41,
1054 4064 1076 4122 ,4
1091 4060 1209 4128 propias
1220 4075 1273 4128 pu·

96 4145 121 4184 u.
141 4129 230 4196 const,
250 4127 323 4182 doch
342 4143 362 4185 s.
383 4134 425 4196 36,
446 4133 488 4184 11.
710 4133 773 4184 cata
796 4129 855 4185 loca
874 4133 967 4184 casta
984 4131 1194 4195 communicem
1219 4129 1273 4185 mit

133 4199 244 4272 Tifata]
271 4215 348 4253 6661
375 4200 519 4253 imminens
544 4198 657 4268 Capuae
710 4199 871 4272 auffalliger
898 4201 1074 4270 Anastrophe
1106 4199 1156 4270 23,
1183 4206 1230 4269 46,
1255 4207 1271 4256 3

96 4268 151 4338 (26,
170 4275 196 4338 6,
214 4273 252 4338 4),
273 4269 298 4338 I,
316 4275 365 4338 23,
385 4277 401 4325 6
422 4271 585 4325 tremiscentes
604 4269 656 4325 Oa·
711 4269 836 4339 Capuam
843 4273 963 4341 propius
976 4272 1060 4325 moult
1073 4276 1172 4328 castra.
1191 4272 1272 4327 Auoh

92 4341 263 4409 praecellas
281 4343 412 4411 genennt.
705 4343 833 4410 proxime
859 4342 964 4412 regiert
990 4341 1037 4397 bei
1061 4341 1091 4396 L.
1121 4344 1190 4398 stets
1217 4343 1273 4399 den

131 4416 155 4465 4.
176 4413 316 4466 6616666
330 4411 447 4483 Auerna]
464 4411 566 4466 ebenso
578 4415 619 4479 13,
633 4417 655 4466 1.
710 4413 784 4479 Aca,
803 4431 824 4467 s.
844 4418 888 4480 48,
909 4418 950 4467 11.
