2962 4956
217 281 262 346 56
553 278 662 334 LIBER
681 279 794 336 XXIIII.
814 279 891 334 ΟΑΡ.
910 285 953 336 32.
973 286 1016 336 33.
1247 305 1301 334 .ιι.
1331 304 1357 333 e.
1384 295 1447 336 secr

218 443 438 528 Hippocrates
461 446 558 528 atque
575 440 749 526 Epicydes,
773 441 1023 526 serebanturque
1047 441 1221 527 conloquia
1243 463 1313 525 per
1345 465 1448 527 pro-1

218 533 360 617 pinques
383 532 601 615 popularium,
625 531 680 616 qui
703 530 738 594 in
761 530 901 594 exercitu
921 533 1025 613 erent,
1048 535 1085 595 ut
1104 534 1214 613 portas
1234 532 1435 614 aperirent

220 622 429 706 sinerentque
459 641 662 685 communem
691 617 832 701 patriam
862 617 990 682 defendi
1020 618 1061 682 ab
1088 620 1212 702 impetu
1233 619 1449 684 Romano-I

184 727 308 785 erum,
347 709 412 774 iam
444 709 518 773 unis
548 707 674 773 foribus
711 707 861 790 hexapyli
888 707 1008 789 apertis
1035 709 1140 790 coepti
1168 711 1263 772 erant
1294 710 1431 792 recipi,

220 819 294 863 cum
308 802 475 881 praetores
489 797 740 861 intervenerunt
777 798 810 858 et
823 795 927 878 primo
943 795 1078 878 imperio
1092 796 1263 880 minisque,
1284 797 1427 862 deinde

220 887 414 951 auctoritate
438 885 643 968 deterrendo,
670 887 847 970 postremo,
877 886 914 947 ut
936 883 1046 948 omnia
1067 906 1152 950 vana
1175 888 1285 968 erant,
1312 887 1428 950 obliti
1449 903 1450 954 t

220 975 402 1040 maiestatis
421 974 571 1058 precibus
590 972 745 1058 agebant,
763 993 804 1035 ne
821 970 994 1055 proderent
1011 974 1151 1056 patriam
1170 974 1311 1056 tyranni
1335 980 1427 1039 ante

185 1082 202 1130 o
221 1062 419 1128 satellitibus
442 1065 475 1127 et
497 1066 567 1127 tum
590 1060 833 1144 corruptoribus
857 1061 1023 1126 exercitus.
1060 1061 1117 1125 sed
1136 1061 1251 1127 surdae
1271 1063 1319 1126 ad
1343 1086 1422 1128 om·

220 1153 277 1216 nia
305 1173 397 1216 aures
426 1151 605 1216 concitatae
633 1147 851 1214 multitudinis
883 1150 989 1232 erant,
1021 1171 1080 1214 nec
1107 1152 1230 1240 minore
1253 1150 1358 1216 intu's
1388 1153 1421 1216 vi

221 1261 319 1324 quam
351 1239 432 1305 foris
465 1243 579 1322 portae
612 1237 883 1322 effringebantur,
915 1237 1120 1322 effractisque
1148 1240 1304 1304 omnibus
1336 1243 1421 1306 toto
1450 1257 1451 1260 ’

185 1327 383 1414 therapylo
407 1348 523 1414 agmen
547 1329 712 1410 receptum
736 1329 794 1390 est.
838 1329 1005 1408 praetores
1028 1327 1064 1390 in
1081 1325 1307 1392 Achradinam
1335 1351 1420 1394 cum

219 1417 388 1482 iuventute
417 1414 624 1501 popularium
653 1414 854 1498 confugiunt.
900 1416 1111 1480 mercennarii
1140 1415 1261 1482 milites
1294 1419 1419 1501 perfu-

220 1525 345 1590 gaeque
375 1509 409 1568 et
439 1503 594 1589 quidquid
624 1503 789 1587 regiorum
818 1502 958 1567 militum
982 1501 1150 1587 Syracusis
1181 1508 1251 1568 erat
1281 1527 1418 1590 agmen

186 1593 366 1662 shostium
389 1594 519 1678 augent.
563 1592 610 1656 ita
632 1589 818 1656 Achradina
841 1613 967 1676 quoque
990 1592 1094 1675 primo
1116 1593 1240 1677 impetu
1264 1595 1418 1680 capitur,

221 1684 471 1766 praetorumque
494 1679 557 1745 nisi
580 1680 635 1765 qui
658 1680 744 1744 inter
765 1679 941 1744 tumultum
965 1680 1147 1765 effugerunt
1170 1703 1283 1748 omnes
1303 1683 1414 1748 inter-

219 1769 380 1834 ficiuntur.
424 1791 489 1834 nox
513 1768 663 1835 caedibus
686 1768 784 1833 finem
807 1768 891 1832 fecit.
936 1772 1067 1850 postero
1092 1769 1250 1834 disserui
1276 1771 1322 1836 ad
1350 1773 1414 1856 pil-

221 1859 309 1924 leum
336 1859 443 1924 vocati
470 1861 503 1922 et
529 1879 656 1922 carcere
682 1857 782 1921 vincti
811 1856 935 1938 emissi,
968 1857 1163 1942 confusaque
1191 1858 1271 1924 haec
1296 1863 1414 1925 omnis

222 1947 396 2012 multitudo
424 1946 647 2031 Hippocraten
675 1949 771 2029 atque
793 1943 961 2029 Epicyden
989 1949 1099 2010 creant
1126 1951 1310 2032 praetorem
1350 1947 1414 2034 Sy·

222 2056 433 2120 racusaeque,
452 2057 524 2100 cum
544 2035 641 2099 breve
659 2037 786 2117 tempus
805 2033 940 2098 libertas
959 2033 1159 2118 adfulsisset,
1177 2035 1211 2100 in
1230 2037 1410 2122 antiquam

224 2124 415 2189 servitutem
437 2122 627 2187 reciderant.

168 2219 211 2284 33
313 2211 403 2276 Haec
431 2211 583 2275 nuntiata
611 2231 685 2274 cum
712 2214 823 2274 essent
849 2209 1020 2294 Romanis,
1053 2231 1092 2275 ex
1113 2210 1282 2277 Leontinis
1311 2219 1409 2279 mota

187 2305 302 2372 esunt
329 2299 491 2382 extempio
520 2302 627 2364 castra
654 2298 695 2363 ad
722 2295 908 2382 Syracusas.
953 2301 987 2362 et
1013 2299 1054 2363 ab
1078 2299 1201 2383 Appio·
1214 2300 1317 2385 legati
1346 2325 1409 2386 per

224 2527 321 2593 That’3
346 2525 523 2597 gewthnlioh
546 2525 620 2595 iolgt
641 2524 671 2580 in
695 2525 786 2580 dieser
876 2530 901 2584 8.
925 2527 1147 2597 praetoremque]
1172 2527 1210 2581 ist
1233 2526 1302 2584 Gen.
1326 2531 1403 2599 part.

223 2598 391 2666 Bedeutung
422 2597 547 2667 sogleich
580 2597 631 2650 das
661 2596 786 2651 Verbum
839 2615 872 2650 zu
899 2598 957 2650 nisi
981 2598 1044 2665 qui;
1071 2613 1137 2650 man
1164 2599 1247 2652 sollte
1275 2599 1402 2655 demach

223 2667 394 2734 sufetula
414 2673 457 2734 34,
478 2676 500 2722 1.
841 2665 928 2722 ‘blieb
951 2667 1082 2721 niemand
1105 2685 1151 2722 am
1171 2669 1276 2724 Lehen’
1298 2687 1400 2726 etwar-

257 2739 437 2809 popatariraa
470 2756 491 2792 s.
510 2756 544 2792 nu
562 2743 605 2806 27,
625 2743 648 2792 2.
838 2740 895 2805 ten,
913 2737 966 2792 wie
980 2757 1014 2791 zu
1029 2754 1119 2792 omnes
1137 2738 1191 2808 eig.
1205 2745 1401 2810 praetoresque

259 2815 284 2864 ὃ.
303 2810 434 2881 heeapyh'
464 2826 485 2864 s.
505 2826 538 2861 zu
556 2813 599 2877 21,
619 2815 643 2863 7.
840 2808 941 2877 gehtrt
967 2808 1055 2864 hetta.
1096 2808 1220 2877 Ehenso‚
1248 2811 1301 2866 wie
1329 2811 1400 2879 hier,

258 2881 367 2947 ferebas
399 2879 513 2948 apertis]
546 2878 584 2932 ist
614 2877 694 2933 nicht
721 2879 784 2933 Abl.
839 2879 916 2933 steht
933 2880 990 2934 nisi
1008 2881 1057 2948 pret
1074 2879 1120 2933 bei
1138 2881 1219 2949 posit.
1239 2881 1400 2952 Hauptsata

223 2951 296 3017 abs.;
315 2969 336 3005 s.
355 2955 370 3016 ξ
391 2957 406 3005 6
425 2950 482 3003 und
501 2949 548 3016 25,
566 2954 641 3016 30,8
660 2966 721 3004 esea
739 2966 783 3003 ee·
838 2955 916 3018 30,'l
944 2953 1038 3004 ornata
1062 2951 1101 3004 ec's
1122 2952 1181 3005 etsi
1203 2969 1272 3020 quae
1295 2983 1328 2992 ——
1352 2955 1399 3008 ah-

219 3023 326 3091 pcse'tos
339 3021 438 3075 melites
451 3024 537 3088 porta
551 3022 693 3090 recepisset
706 3021 784 3075 Moe·
837 3027 1004 3088 sumpserat,
1026 3021 1240 3076 restituebantur
1245 3043 1256 3088 ;
1278 3023 1326 3078 des
1352 3041 1399 3094 ge·

221 3095 313 3157 ricem
331 3090 388 3161 vgl.
408 3108 441 3144 aa
460 3097 503 3157 21,
524 3097 548 3144 7.
838 3089 995 3146 wthnliche
1014 3091 1051 3146 ist
1068 3090 1097 3144 in
1116 3091 1221 3147 diesem
1238 3094 1300 3147 Fall
1313 3112 1400 3162 prae·

260 3163 429 3232 deterrendo]
456 3161 561 3216 ktnnte
584 3179 655 3231 gena
680 3162 784 3230 iehlen,
838 3167 961 3231 terpuam
980 3162 1057 3230 (oder
1070 3166 1201 3233 praeter),
1219 3164 1273 3219 wie
1293 3171 1335 3234 16,
1355 3173 1380 3223 5.

223 3234 298 3288 deun
317 3232 370 3286 mih
388 3232 506 3302 ayebani
528 3231 591 3286 sind
614 3232 670 3287 alle
688 3231 784 3287 ΑΒΜ,
874 3256 899 3304 9·
919 3253 1025 3322 mam]
1044 3269 1066 3305 g,
1084 3270 1118 3305 zu
1137 3258 1152 3305 3
1183 3258 1224 3308 15‘

104 3337 110 3364 r
223 3303 414 3374 zeugmatisch
433 3321 467 3357 au
482 3302 635 3358 verbinden
654 3303 722 3372 (ng.
737 3303 783 3372 22,
1155 3294 1162 3320 ’

225 3382 268 3444 18,
288 3380 304 3429 8
327 3390 384 3429 cea
401 3375 516 3444 Imperio
538 3375 629 3438 medo,
652 3374 699 3428 sed
721 3390 784 3428 eoa-

158 3513 162 3517 ,
222 3448 287 3501 silio
306 3447 388 3502 etiam
406 3463 439 3500 ac
452 3461 541 3514 prope
554 3445 684 3514 precibus
702 3460 785 3514 opens

224 3534 285 3572 cum
317 3518 448 3586 maye'stro
480 3516 622 3584 equitum);
655 3516 705 3570 das
732 3517 784 3570 det.

223 3588 289 3642 tritt
311 3606 345 3642 ιιι
373 3593 445 3642 auct.
473 3585 621 3640 erlrltrend
649 3585 732 3640 hinzn
751 3612 785 3631 =

223 3675 286 3712 cum
304 3659 466 3712 deterrerent
485 3656 576 3725 (Impl.
592 3657 627 3711 de
641 3660 714 3725 con.)
734 3657 785 3711 wie

839 3338 1091 3463 msigrmmqiie]
1118 3357 1217 3410 wegen
1241 3358 1292 3409 qae
1315 3359 1336 3394 s.
1362 3361 1396 3396 au

874 3451 1019 3548 hctiquam
1052 3506 1085 3526 =
1100 3483 1266 3549 pristinum,
1295 3482 1345 3537 wie
1369 3483 1395 3552 3,
1456 3471 1457 3494 ’

839 3555 882 3616 58,
902 3556 916 3605 1
938 3549 989 3605 cta
1028 3553 1073 3606 ius
1087 3583 1120 3591 -
1138 3554 1282 3621 antiquam
1299 3555 1328 3607 ic
1342 3571 1393 3622 pa-

839 3623 923 3676 triam
936 3638 963 3675 se
975 3623 1140 3677 contulerat:
1154 3639 1186 3678 so
1196 3623 1226 3677 in
1237 3622 1395 3679 claesisoher

224 3734 250 3794 4,
271 3734 287 3783 9
306 3729 472 3796 deposcendo,
839 3691 927 3746 Prusa
945 3693 1043 3748 seiten.

874 3764 1040 3834 servitutem]
1065 3762 1138 3818 denn
1160 3781 1218 3818 nun
1241 3765 1336 3820 hatten
1354 3767 1393 3821 sie

260 3797 629 3925 ἔξηιέαέιὲιηῗῖἕιῖἰέειὲιῗαὶί
646 3804 785 3938 {iamto-
840 3835 910 3888 awei
942 3835 1089 3916 Strategen
1125 3836 1256 3902 eruthlt‚
1292 3836 1391 3891 welche

223 3940 315 4011 ribus]
335 3958 356 3994 Β·
375 3959 409 3993 m
426 3946 452 4008 3,
473 3948 497 3995 l.
543 3911 550 3924 ·
797 3919 801 3926 ’
840 3905 912 3988 nach
936 3906 985 3958 der
1004 3906 1121 3959 Anacht
1143 3905 1303 3987 deelhivius
1323 3907 1392 3963 ohne

262 4018 286 4066 6·
306 4011 355 4082 ad]
375 4009 429 4065 wie
443 4015 459 4076 ἓ
474 4016 489 4063 3
509 4015 606 4065 caum
623 4012 660 4066 ad
674 4009 786 4065 dieBe.
839 3977 916 4056 yedes
939 3975 1076 4034 Interesse
1103 3976 1148 4029 fer
1171 3977 1217 4059 dre
1242 3977 1322 4032 Stadt
1341 3997 1391 4061 nur

224 4083 345 4152 aarum
373 4080 580 4149 succressens,
608 4083 638 4136 a
662 4081 712 4136 aa
735 4081 785 4135 aas
839 4045 1068 4170 &apramonus
1085 4048 1390 4173 {ighlffingldffi‘}

933 4133 984 4186 yru
1024 4134 1058 4172 en
1105 4135 1122 4171 a
1200 4134 1216 4172 c
1294 4136 1320 4173 er

224 4152 667 4279 ffltsswiiuiiih'iirdid’ad
684 4153 788 4278 mig
841 4189 951 4257 gierten
967 4187 1048 4242 ihren
1066 4188 1172 4243 Pltcnen
1194 4188 1323 4258 opferten.

225 4296 330 4349 solacia
348 4310 437 4348 aeres.
877 4291 925 4350 88.
959 4299 984 4347 2.
1009 4293 1044 4348 ab
1063 4294 1169 4365 Appio]
1189 4296 1389 4365 vorangeetellt,

261 4371 287 4419 7.
320 4365 351 4418 in
371 4364 575 4435 Achradinam]
604 4370 687 4432 23,4
715 4364 786 4419 ohne
840 4381 888 4416 um
907 4364 961 4418 den
979 4363 1089 4418 Namen
1112 4383 1147 4419 au
1165 4365 1298 4433 betonem
1319 4368 1388 4421 mosa*

224 4435 271 4490 die
289 4435 477 4505 Prepesition.
608 4438 610 4442 ’
840 4433 879 4488 ist
897 4433 951 4489 mit
967 4439 1047 4489 eram
1064 4453 1097 4488 zu
1116 4435 1276 4492 verbinden.
