2962 4956
204 314 248 379 80
568 313 677 367 LIBER
695 313 808 368 XXIIII.
827 312 904 369 CAP.
923 319 966 369 4⁷.
986 318 1029 370 48.
1213 340 1233 371 ι
1252 340 1275 370 ιι.
1293 339 1314 372 e.
1333 331 1388 373 541.

153 493 186 542 13
207 474 264 542 Cn.
278 475 409 540 Fulvius
433 475 547 540 castris
570 477 731 559 praeerat,
755 475 806 539 cui
827 475 885 540 ubi
907 477 1095 542 nuntiatum
1117 482 1182 562 est,
1205 478 1318 544 decem
1342 501 1385 544 ex

206 586 244 629 eo
266 585 401 628 numero
424 564 520 629 iussis
543 563 722 628 inermibus
745 563 858 628 deduci
881 565 922 629 ad
945 585 992 648 se,
1024 566 1095 648 ubi,
1128 589 1211 651 quae
1234 567 1386 650 postula-

205 656 291 736 rent,
325 652 511 717 audivit-
536 652 619 716 nihil
642 655 750 716 autem
774 653 862 716 aliud
884 652 1054 737 petebant,
1087 676 1184 738 quam
1207 658 1245 719 ut
1269 653 1387 740 Capua

204 744 335 827 recepta
366 741 452 807 bona
484 740 548 805 sibi
579 740 826 805 restituerentur
844 777 896 824 —,
923 741 960 806 in
986 741 1082 807 fidem
1110 765 1225 808 omnes
1247 745 1386 828 accepti

36 871 40 876 -
152 846 187 895 14
206 834 240 895 et
271 831 313 894 ab
341 830 445 894 altero
471 833 620 913 praetore
648 826 837 912 Sempronio
860 829 1022 895 Tuditano
1050 830 1205 916 oppidum
1228 833 1386 898 Atrinum

205 921 437 1004 expugnatum.
460 917 600 1002 amplius
624 939 680 982 sex
703 917 795 981 milia
816 917 984 982 hominum
1008 923 1104 1002 capta
1122 923 1155 984 et
1169 919 1253 985 aeris
1268 941 1387 1006 argen-

152 1024 186 1073 15
207 1008 297 1092 tique
315 1006 437 1091 signati
455 1006 670 1090 aliquantum.
688 1043 731 1053 —-
750 1005 873 1070 Romae
887 1005 1016 1071 foedum
1031 1008 1216 1073 incendium
1229 1031 1289 1093 per
1303 1009 1386 1074 duas

205 1099 317 1160 noctes
341 1117 378 1159 ac
401 1095 486 1159 diem
509 1117 610 1158 unum
633 1093 753 1159 tenuit:
769 1094 848 1169 ,solo
867 1101 1005 1179 aequata
1023 1097 1134 1161 omnia
1152 1098 1238 1162 inter
1252 1095 1384 1163 Salinas

205 1206 243 1249 ec
275 1187 405 1268 portam
438 1181 677 1249 Carmentalem
714 1204 788 1247 cum
821 1183 1042 1267 Aequimaelio
1074 1183 1270 1270 Iugarioque
1303 1188 1386 1271 vico,

153 1289 186 1337 16
205 1295 279 1337 eum
309 1271 441 1356 templis
469 1271 633 1336 Fortunae
666 1293 703 1336 ac
735 1271 849 1336 matris
872 1270 1027 1337 Matutae.
1073 1276 1106 1337 et
1133 1275 1224 1338 extre
1250 1280 1383 1357 portam

204 1362 271 1427 late
294 1365 431 1444 vagatus
454 1359 540 1444 ignis
564 1381 656 1424 sacra
678 1359 879 1444 profanaque
902 1361 1004 1424 multa
1027 1361 1217 1446 absumpsit.

151 1450 195 1516 48
295 1448 419 1513 Eodem
442 1469 529 1512 anno
552 1445 587 1513 P.
610 1453 644 1512 et
662 1445 719 1512 Cn.
738 1446 893 1532 Cornelii,
915 1470 989 1512 cum
1006 1449 1042 1513 in
1059 1449 1220 1534 Hispania
1237 1473 1291 1516 res
1310 1473 1385 1536 pro·

128 1599 138 1616 ,
206 1558 318 1622 sperae
348 1539 457 1600 essent
484 1536 665 1620 multosque
692 1541 725 1601 et
746 1539 870 1601 veteres
892 1537 1072 1620 reciperent
1094 1539 1257 1604 socios'et
1280 1561 1385 1606 novos

170 1625 388 1708 saciarent,
410 1625 446 1688 in
468 1624 615 1690 Africam
637 1646 764 1709 quoque
787 1647 877 1709 spem
901 1626 1120 1691 extenderunt.
1157 1625 1291 1712 Syphax
1314 1633 1385 1693 erat

171 1733 262 1780 urex
294 1713 523 1796 Numidarum,
555 1713 664 1778 subito
693 1711 1017 1798 Carthaginiensibus
1048 1714 1155 1781 hostis
1188 1715 1311 1780 factus:
1345 1715 1386 1782 ad

206 1824 279 1867 eum
302 1803 506 1867 centuriones
529 1806 597 1867 tres
620 1803 746 1886 legatos
769 1801 944 1886 miserunt,
968 1803 1023 1888 qui
1046 1826 1119 1869 cum
1142 1825 1180 1868 eo
1204 1805 1385 1870 amicitiam

206 1891 458 1975 societatemque
480 1891 624 1956 facerent
646 1893 680 1954 et
697 1891 938 1975 pollicerentur,
960 1892 988 1956 si
1005 1896 1227 1975 perseveraret
1245 1914 1385 1978 urguere

205 1979 292 2044 bello
317 1977 618 2064 Carthaginienses,
650 1982 778 2063 gratam
806 2001 878 2044 eam
905 2001 973 2044 rem
1001 1981 1071 2046 fore
1095 1981 1224 2047 senatui
1246 1983 1386 2065 populo·

206 2090 268 2153 que
290 2067 455 2151 Romano,
479 2071 511 2132 et
533 2068 716 2150 adnisuros,
739 2067 834 2130 utin
855 2072 1001 2151 tempore
1025 2073 1057 2133 et
1079 2069 1162 2134 bene
1185 2070 1385 2134 cumulatam

170 2157 348 2240 cgratiam
380 2154 530 2220 referant.
575 2158 670 2240 grata
702 2177 740 2219 ea
762 2156 883 2240 legatio
906 2157 1046 2223 barbaro
1069 2157 1146 2240 fuit3
1179 2158 1385 2230 conlocutus·

206 2265 268 2329 que
291 2265 365 2308 cum
388 2244 504 2327 legatis
528 2244 566 2307 de
589 2244 716 2309 ratione
738 2244 816 2309 belli
838 2246 987 2330 gerundi,
1014 2249 1051 2309 ut
1073 2250 1218 2310 veterum
1241 2247 1386 2312 militum

205 2333 305 2397 verba
336 2331 474 2415 audivit,
506 2355 604 2417 quam
631 2332 806 2396 multarum
833 2355 941 2397 rerum
963 2335 1032 2417 ipse
1054 2334 1188 2418 ignarus
1213 2339 1311 2419 esset,
1346 2357 1387 2399 ex

243 2495 284 2544 13.
304 2489 464 2550 urmtiutum
482 2489 533 2559 cst]
554 2487 700 2558 ‘Meldung
720 2505 767 2558 ge-
855 2487 905 2544 48.
930 2495 956 2544 2.
975 2487 1092 2560 Syphace
1109 2490 1180 2560 erat]
1201 2508 1222 2547 s.
1242 2509 1276 2544 au
1294 2496 1340 2558 3⁷,
1361 2498 1387 2546 3.

205 2560 303 2614 maeht
320 2560 399 2614 war’.
821 2558 950 2614 Genauer
976 2560 1044 2614 wird
1070 2577 1101 2615 er
1126 2561 1270 2615 anderswo
1289 2560 1388 2632 Konig

242 2636 285 2684 14.
303 2631 447 2702 Atrinum]
472 2630 653 2685 unbekannte
677 2628 766 2686 stadt
822 2630 870 2684 der
888 2629 1069 2686 Masaesulier
1106 2633 1224 2703 enannt,
1242 2632 1268 2686 d.
1287 2631 1305 2689 i.
1334 2631 1388 2686 des

243 2707 284 2757 15.
304 2703 394 2758 tenuit
425 2701 467 2756 ou
484 2701 549 2756 intr.
568 2700 615 2755 bei
632 2700 662 2755 L.
684 2699 768 2754 ‘hielt
821 2700 1020 2768 westlichsten,
1039 2719 1076 2755 an
1120 2702 1284 2757 auretanicn
1301 2719 1387 2772 gren-

206 2774 264 2841 an',
283 2791 305 2827 a.
320 2771 384 2827 B.2
405 2814 412 2839 ,
431 2777 476 2838 44,
495 2777 510 2824 6
529 2771 614 2825 imber
628 2772 768 2826 continens
822 2772 927 2826 zenden
952 2771 1048 2826 Theilr
1071 2789 1126 2826 von
1154 2772 1306 2828 Numidico
1331 2774 1389 2830 mit

201 2859 254 2915 per
276 2848 379 2898 uectem
401 2848 485 2896 totum
508 2857 592 2910 usquc
615 2843 652 2896 ad
673 2842 768 2896 horum
822 2843 872 2896 der
896 2841 1070 2911 Hauptstadt
1095 2842 1184 2912 Cirta;
1212 2842 1306 2914 Konig
1334 2845 1388 2900 des

205 2915 315 2968 leniora
333 2914 390 2968 diei
406 2913 572 2981 insequentis
590 2912 685 2966 mouit.
722 2911 769 2982 25,
823 2911 929 2966 andern
947 2912 1057 2982 Thale,
1080 2914 1130 2968 der
1152 2914 1255 2969 detlich
1277 2932 1313 2968 an
1333 2916 1388 2970 das

121 3044 123 3048 ,
206 2990 241 3040 39
271 2989 304 3037 10
318 2984 455 3050 proelimu
473 2983 637 3037 distendit.
823 2983 949 3052 carthag.
969 2983 1069 3039 Gebiet
1086 2988 1222 3054 anstdsst,
1241 2986 1291 3041 der
1306 2985 1389 3040 Mae·

241 3027 299 3108 ilus
320 3053 410 3108 Feuer
432 3053 540 3108 wfithet
562 3070 617 3108 von
640 3054 695 3108 den
719 3053 769 3108 Sa·
823 3053 917 3122 sulier,
935 3053 973 3108 ist
992 3054 1076 3121 Cala
1097 3074 1118 3111 s.
1138 3061 1153 3121 ς
1174 3063 1215 3110 13.

206 3124 283 3180 linen
301 3123 359 3206 (bei
377 3123 427 3205 (191
440 3129 525 3192 P⁰lia
545 3125 705 3207 Trideml'm?
723 3142 768 3181 am
859 3149 884 3196 3.
901 3143 1093 3214 perseveraret]
1113 3144 1174 3199 also
1191 3145 1243 3198 hat
1256 3144 1389 3201 derselbe

205 3197 372 3278 Aveptmus)
383 3194 484 3276 ΜΨ
495 3211 523 3261 Ρ·
533 3193 714 3282 Camillam
723 3212 769 3278 am
824 3211 868 3267 die
878 3212 1113 3282 Vorlegenheiten
1127 3214 1282 3284 Carthagos
1297 3215 1390 3272 sehon

206 3265 395 3336 Capitohnus,
426 3282 456 3317 m
485 3263 570 3319 deren
597 3264 677 3319 Nahe
709 3267 769 3320 srch
823 3301 857 3336 zu
882 3282 1091 3354 ffiegerigohen
1117 3285 1390 3356 Unsemehmungen

206 3337 257 3422 (13⁵
288 3334 495 3404 Aeqffinlelium
527 3335 586 3388 und
623 3335 672 3389 def
699 3336 764 3405 1²⁴9·
819 3371 911 3442 pogen
938 3354 978 3408 sie
1003 3355 1127 3410 benutzt.
1156 3359 1241 3424 (pers.
1260 3355 1313 3410 mit
1328 3357 1389 3415 Ins.

205 3423 283 3463 meuc
313 3405 451 3462 befinden.
501 3405 560 3460 Vor
591 3405 674 3460 allem
707 3406 766 3461 also
820 3443 871 3478 απ,
891 3422 953 3492 etp)

205 3478 301 3533 wurde
316 3477 365 3530 das
378 3476 470 3542 forum
484 3476 767 3545 boarianbetroffen,
856 3496 920 3549 pem
943 3496 1055 3567 emur]
1083 3498 1134 3551 dag
1164 3499 1228 3552 pem
1249 3514 1301 3553 vor
1318 3498 1388 3570 Adj,

205 3551 264 3604 und
288 3538 331 3601 an'
343 3546 449 3600 diesem
465 3547 560 3615 liegen
578 3547 624 3602 die
642 3549 766 3602 erwahn·
820 3565 922 3635 gflhprt
944 3566 1024 3620 mehr
1046 3567 1097 3622 (ιω
1122 3567 1389 3638 Umgangsgpmche

205 3621 254 3675 ten
271 3617 375 3672 beiden
393 3617 517 3686 ΤθῐῐΨθῙ·
821 3653 857 3690 an
880 3635 974 3704 (frana.
997 3638 1068 3704 bico)
1087 3663 1121 3683 =
1139 3641 1234 3704 oalde;
1260 3639 1318 3710 vgl.
1337 3639 1389 3708 28,

244 3687 766 3772 1⁶·mrapmamlnffml·0“lm⁶?li⁰·
821 3712 864 3776 44,
884 3713 898 3760 ‘1
925 3713 957 3761 ut
974 3708 1039 3762 deae
1056 3713 1133 3763 tutus
1152 3727 1170 3763 o
1184 3711 1307 3778 perfidia
1323 3711 1389 3766 sim.

206 3761 269 3828 lcm;
289 3759 362 3812 denn
375 3757 421 3825 25,
437 3764 462 3827 7,
478 3765 493 3812 6
507 3759 596 3814 hersst
609 3774 649 3812 es:
670 3763 767 3813 troum-

205 3832 262 3886 vsa·
280 3830 433 3896 refiaeaua
451 3829 564 3883 aarum
581 3827 726 3883 Fortem
743 3835 768 3884 a
856 3813 989 3882 referam]
1016 3815 1094 3896 stoa·
1114 3821 1313 3897 perseveraret,
1338 3817 1391 3872 ein

205 3901 303 3957 ,natm
323 3899 452 3954 Matuta,
474 3900 551 3953 imm
569 3905 680 3968 Pomm,
700 3899 767 3954 Oa„
821 3881 965 3951 Wechsel‚
984 3885 1033 3938 der
1050 3885 1097 3938 ber
1114 3885 1146 3938 L.
1166 3887 1245 3940 meht
1263 3886 1390 3957 aufffillt,

205 3972 349 4028 mentalem
384 3974 410 4023 ,t
436 3969 502 4037 spei
538 3975 616 4023 extra
648 3975 759 4038 portam
821 3953 913 4007 zumal
930 3955 1010 4008 nicht
1026 3954 1057 4008 in
1075 3956 1124 4010 der
1142 3957 1233 4025 Rode,
1252 3975 1273 4011 e.
1292 3964 1335 4025 33,
1357 3965 1391 4025 ὃς

205 4059 277 4114 quae
295 4041 391 4111 ,mm
408 4012 767 4109 anmrmmdiocomumps
820 4025 941 4091 reserant
962 4023 1001 4079 ist
1018 4025 1069 4080 das
1087 4026 1210 4097 Tempus
1229 4027 1279 4082 der
1297 4027 1391 4084 dirce

206 4120 251 4170 tae
268 4114 388 4179 luerunt.
820 4098 870 4149 ten
888 4095 973 4149 Rede.

242 4181 365 4240 48-49.
401 4178 512 4248 Konig
531 4179 666 4249 Syphax
683 4181 767 4236 wird
804 4229 807 4236 .
857 4187 883 4238 4.
903 4183 1014 4253 leporio]
1033 4184 1113 4239 nieht
1135 4185 1181 4239 die
1201 4186 1297 4256 lopati,
1323 4203 1390 4242 son-

205 4255 489 4320 Bundesgenossc
507 4251 605 4304 Romo
623 4251 690 4305 und
708 4251 769 4306 hat
822 4253 890 4308 dem
917 4271 974 4308 was
1001 4254 1041 4308 sie
1068 4256 1199 4326 bringam
1232 4257 1279 4314 die
1306 4257 1392 4314 ‘Bot-

207 4327 358 4379 schwere
376 4320 519 4390 Kampsa
537 4320 573 4376 in
590 4321 712 4377 Afrika
730 4341 769 4375 au
822 4322 936 4391 schafff,
954 4343 966 4378 s
985 4329 1000 4390 ξ
1019 4330 1044 4379 5.

207 4395 381 4450 bestehen.
418 4391 574 4461 'Spanien
600 4391 647 4447 ist
673 4391 717 4446 im
743 4392 768 4446 J.
858 4410 892 4448 ea·
910 4397 1117 4468 conparatione]
1132 4397 1392 4470 eigentl.inFolge

207 4471 260 4522 213
279 4465 349 4520 fast
366 4479 449 4532 gana
466 4462 576 4531 ruhig.
823 4465 873 4518 der
891 4464 1111 4538 Vergleichnng,
1140 4469 1166 4524 d.
1190 4469 1218 4523 h.
1246 4469 1297 4524 ‘im
1315 4468 1391 4526 Ver·
