2934 4952
236 289 280 354 46
579 320 593 334 κ
611 287 722 344 LIBER
740 289 852 344 XXIIII.
872 288 950 345 ΟΔΡ.
970 297 1012 347 26.
1251 315 1271 344 ι
1296 315 1328 346 ιι.
1354 315 1380 345 c.
1403 305 1445 347 540

202 455 335 524 suerat¹
363 452 502 517 exilium.
544 474 582 518 ee
613 474 686 518 cum
719 452 760 517 ad
792 474 826 518 se
859 473 985 538 quoque
1012 453 1116 518 veniri
1141 453 1377 538 praescisset,
1415 455 1445 518 in

238 541 415 606 sacrarium
443 543 485 606 ad
512 545 646 626 penates
668 541 816 627 confugit
838 564 911 608 cum
934 541 1058 606 duabus
1080 541 1211 624 filiabus
1233 542 1445 626 virginibus

202 630 389 698 tresolutis
422 631 565 696 crinibus
596 630 838 715 miserabilique
870 631 934 696 alio
966 630 1081 696 babitu
1110 634 1143 695 et
1166 630 1206 694 ad
1229 651 1269 694 ea
1293 630 1443 696 addidit

236 740 348 803 preces
375 739 462 784 nunc
485 741 543 804 per
565 721 648 803 deos,
669 740 752 784 neure
768 741 827 802 per
848 719 1039 784 memoriam
1057 718 1209 784 Hieronis
1228 719 1350 802 patris
1379 719 1441 784 Ge·

236 808 385 892 lenisque
407 808 536 888 fratris,
559 830 600 872 ne
623 829 658 873 se
676 807 842 874 innoxiam
861 809 984 873 invidie
997 807 1192 892 Hieronymi
1211 807 1438 893 conflagrare

201 897 398 965 esinerent:
430 895 516 962 nihil
539 919 573 963 se
596 919 635 961 ex
657 917 758 981 regno
781 896 869 962 illius
892 901 1021 982 praeter
1043 897 1177 962 exilium
1200 897 1262 960 viri
1288 896 1436 980 habere,

236 1007 341 1071 neque
373 986 538 1051 fortunam
570 1007 662 1051 suam
694 985 830 1050 eandem
861 987 935 1056 vivo
958 984 1160 1069 Hieronymo
1188 983 1294 1050 fuisse
1330 1009 1436 1070 quam

203 1093 219 1143 t
239 1075 373 1158 sororis,
396 1095 503 1159 neque
523 1075 692 1140 interfecto
716 1096 753 1139 eo
772 1096 904 1140 causam
923 1074 1058 1140 eandem
1076 1096 1156 1139 esse.
1192 1073 1298 1159 quid?
1329 1077 1434 1160 quod,

240 1165 268 1229 si
291 1163 528 1246 Andrenodoro
551 1163 687 1229 consilia
709 1164 954 1248 processissent,
977 1165 1036 1228 ille
1058 1185 1131 1228 cum
1151 1163 1222 1228 viro
1245 1162 1364 1228 fuerit
1390 1186 1432 1228 re

203 1273 219 1322 o
238 1257 394 1338 gnatum,
426 1253 489 1317 sibi
512 1273 584 1318 cum
607 1253 722 1317 ceteris
745 1253 957 1318 serviendum.
994 1253 1022 1318 si
1046 1253 1117 1338 quis
1141 1251 1263 1335 Zoippo
1291 1255 1432 1317 nuntiet

237 1341 447 1406 interfectum
469 1340 706 1424 Hieronymum
734 1363 771 1406 ao
798 1341 953 1406 liberatas
977 1339 1167 1425 Syracusas,
1200 1340 1252 1405 oui
1283 1341 1429 1408 dubium

238 1451 322 1514 esse,
351 1431 430 1514 quin
453 1429 613 1512 extemplo
636 1451 870 1496 conscensurus
893 1431 937 1495 sit
959 1452 1075 1496 nevem
1098 1432 1193 1513 etque
1216 1429 1252 1493 in
1272 1432 1429 1513 patriam

191 1539 218 1587 ,7
237 1517 421 1582 rediturus?
458 1522 616 1603 quantum
648 1539 721 1602 spes
752 1518 920 1584 hominum
952 1519 1036 1584 falli!
1072 1519 1107 1582 in
1139 1518 1277 1582 liberata
1317 1521 1429 1603 patrie

237 1607 407 1692 coniugem
440 1607 507 1671 eius
536 1627 573 1672 ao
600 1606 720 1672 liberos
753 1606 791 1672 de
814 1608 882 1672 vita
904 1608 1056 1673 dimicare
1079 1643 1122 1652 —
1145 1607 1222 1691 quid
1244 1607 1426 1674 obstantes

204 1695 390 1764 elibertati
409 1700 466 1760 aut
487 1695 637 1781 legibus?
675 1696 761 1781 quod
785 1698 826 1762 eb
850 1719 885 1762 se
907 1697 1056 1781 cuiquam
1078 1695 1270 1780 periculum,
1309 1719 1333 1761 a
1360 1699 1425 1764 sole

208 1851 211 1858 ,
243 1805 280 1851 ec
297 1806 399 1870 prope
417 1784 514 1849 vidue
533 1788 565 1849 et
583 1785 700 1870 puellis
719 1785 754 1850 in
773 1785 914 1850 orbitate
933 1785 1123 1870 degentibus
1142 1783 1236 1849 esse?
1276 1789 1318 1848 at
1340 1787 1423 1851 enirn

236 1874 370 1958 periculi
404 1873 533 1958 quidem
564 1872 646 1938 nihil
679 1875 721 1962 eb
753 1896 787 1939 se
819 1875 940 1958 timeri,
972 1874 1111 1950 invisam
1139 1877 1249 1938 tamen
1280 1875 1423 1959 stirpen

203 1963 362 2050 aregiam
394 1985 473 2028 esse.
510 1963 699 2048 ablegarent
730 1985 807 2049 ergo
835 1964 947 2048 procul
978 1964 1018 2028 ab
1047 1961 1212 2046 Syracusis
1240 1959 1422 2049 Siciliaque

273 2178 297 2227 2.
318 2173 350 2226 ire
367 2172 522 2226 sacrarium
540 2172 578 2244 ud
586 2174 710 2244 penates]
730 2189 751 2228 s.
767 2190 800 2226 an
853 2174 917 2228 sehr
944 2172 1136 2243 gewohnliche
1161 2171 1244 2226 llorrn
1273 2172 1329 2227 des
1356 2175 1420 2228 Aus-

237 2249 280 2312 23,
300 2249 324 2298 8.
853 2245 966 2314 drucks,
980 2261 1061 2298 wenn
1076 2242 1125 2297 der
1138 2242 1214 2312 Oonj.
1230 2242 1333 2312 Plnsq.
1350 2247 1420 2300 noch

274 2314 386 2381 filiabus
410 2313 578 2396 virginibus]
604 2313 683 2368 nicht
710 2314 799 2370 seiten
853 2315 958 2371 einmal
975 2316 1046 2384 (hier
1063 2331 1160 2384 wegen
1179 2313 1229 2370 der
1243 2329 1283 2369 or.
1299 2316 1377 2385 obl.)
1395 2321 1419 2371 in

237 2383 301 2455 fuge
323 2385 374 2439 der
391 2384 524 2444 Lateiner
547 2401 593 2440 ern
612 2383 703 2440 Subst.
727 2402 799 2456 ganz
853 2386 906 2441 deu
931 2385 1008 2456 conj.
1034 2404 1067 2439 zu
1092 2385 1193 2440 stellen
1217 2384 1255 2440 ist
1280 2387 1315 2454 (e.
1340 2393 1357 2453 ς
1380 2391 1419 2456 12)

237 2457 291 2511 wie
314 2455 359 2512 ein
377 2455 442 2526 huj.
461 2455 672 2511 attributivisoh
694 2473 731 2512 en
754 2457 800 2512 ein
853 2457 959 2513 erkltrt
976 2457 1041 2514 isich
1059 2474 1108 2511 eus
1127 2456 1233 2512 Stellen
1251 2455 1307 2511 wie
1326 2457 1358 2526 5,
1379 2466 1417 2524 53,

238 2527 354 2583 anderes
370 2527 473 2596 Subst,
492 2543 522 2582 so
536 2527 568 2582 L.
584 2528 610 2597 1,
625 2533 668 2596 26,
687 2535 703 2582 2
722 2539 799 2583 soror
852 2535 868 2584 9
892 2529 965 2599 quod
986 2529 1091 2598 singuli
1112 2529 1218 2595 facturi
1241 2527 1370 2596 fuimus,
1397 2533 1418 2584 si

236 2601 320 2669 uirgo.
366 2599 418 2668 21,
441 2604 473 2666 5,
498 2601 632 2662 *letetur
656 2601 796 2656 emeretur.
852 2601 931 2655 aedes
953 2605 1063 2655 nostrum
1087 2601 1282 2668 delluyraeoeut
1308 2600 1363 2656 hoe
1390 2605 1416 2655 in

236 2670 283 2739 21,
302 2676 346 2737 39,
365 2676 381 2724 3
401 2671 534 2725 exereitus
547 2671 609 2725 tiro.
643 2670 797 2725 Besonders
848 2672 959 2741 publico
977 2671 1104 2726 isseretio
1121 2670 1244 2724 autumi
1256 2686 1416 2727 remoramur

236 2742 338 2797 dienen
362 2741 556 2796 Verbnlsubst.
584 2740 635 2795 aul
660 2759 713 2796 —a
738 2741 797 2796 und
849 2739 1414 2810 fucere;ebeusoinderlnfinitiv·00nstr.

237 2829 303 2867 —or
321 2813 405 2877 dazu,
423 2810 578 2881 Participia
595 2829 630 2865 zu
647 2814 796 2881 ventreten,
850 2819 1029 2882 repnotormn
1047 2814 1141 2881 subse.

236 2903 259 2939 z.
279 2885 309 2937 B.
336 2883 367 2952 l,
387 2889 435 2949 28,
461 2888 476 2935 1
503 2883 637 2937 exeritur
662 2889 797 2952 spectator
887 2891 912 2940 7.
930 2885 998 2954 quid
1013 2883 1160 2954 obstantes]
1175 2882 1242 2953 quid
1255 2882 1414 2940 rhetoriscb

236 2955 392 3010 certaminis
417 2953 530 3022 (ebenso
555 2952 600 3020 25,
627 2960 652 3022 9,
678 2958 713 3022 2).
737 2954 796 3024 ’21,
850 2981 885 3002 =
899 2956 979 3022 mttl,
997 2956 1084 3010 daber
1098 2953 1353 3026 ohneAenderung
1369 2957 1412 3011 der

236 3031 279 3092 39,
299 3029 314 3078 5
335 3023 429 3079 Gallos
453 3026 558 3080 accolae
578 3025 661 3081 Pudi.
688 3025 733 3094 21,
752 3031 796 3092 40,
851 3025 972 3093 Constr.;
992 3027 1043 3081 wir
1060 3027 1100 3080 im
1114 3025 1274 3080 Deutschen
1292 3026 1349 3081 mit
1368 3029 1412 3082 be-

237 3102 269 3150 11
296 3111 358 3149 eum
382 3095 520 3163 foederum
544 3097 656 3166 ruptore
680 3097 748 3153 dcere
773 3102 797 3152 et
850 3099 996 3153 conderem
1020 3096 1085 3151 Sata
1110 3096 1179 3150 ‘und
1202 3095 1274 3150 doch
1295 3097 1328 3152 in
1346 3100 1411 3154 wel·

233 3167 345 3236 populo.
391 3165 442 3234 28,
472 3172 517 3236 19,
547 3173 580 3221 15
608 3169 725 3223 domitor
751 3169 798 3222 elle
851 3170 917 3225 cher
948 3168 1108 3238 Beniehung
1144 3167 1263 3222 stenden
1299 3167 1341 3224 sie
1375 3170 1411 3224 im

235 3239 320 3306 toties
337 3237 496 3306 Hispaniae
513 3239 654 3292 aceretae.
691 3238 724 3294 In
743 3240 798 3294 den
850 3239 970 3311 Wege't

236 3308 341 3364 letzten
363 3308 465 3364 beiden
483 3307 642 3378 Beispielen
663 3309 734 3364 wird
752 3329 797 3364 zu·
824 3354 827 3361 .
888 3317 912 3367 8.
940 3330 958 3367 a
984 3310 1064 3436 eclog¹
1092 3325 1143 3364 vor
1169 3309 1229 3390 der·
1245 3308 1411 3378 Apposition

270 3381 332 3435 eich
364 3380 414 3434 der
441 3379 530 3435 durch
557 3379 618 3434 eine
647 3379 796 3450 einmnlige
850 3382 921 3437 wird
939 3383 1018 3438 sonet
1056 3381 1080 3435 'e
1098 3381 1180 3450 Prtp.
1201 3379 1280 3433 nicht
1295 3381 1411 3436 wieder·

235 3399 311 3507 'inat
333 3451 409 3506 einer
425 3451 530 3506 Person
556 3451 601 3504 fiir
622 3449 722 3506 immer
739 3452 797 3506 bei·
850 3453 926 3520 holt;
958 3453 1020 3508 hier
1046 3451 1159 3507 werden
1189 3450 1235 3506 die
1261 3450 1409 3521 folgenden

235 3523 347 3593 gelegte
380 3521 535 3577 Oharakter
565 3521 736 3578 bezeichnet.
762 3553 798 3564 —-
850 3524 950 3580 Worte
973 3523 1024 3580 auf
1044 3523 1120 3578 diese
1144 3520 1240 3577 Weiss
1262 3539 1296 3575 zu
1316 3522 1408 3578 einen

235 3595 346 3660 filiabus
364 3593 474 3648 kommt
491 3592 538 3648 bei
547 3593 577 3648 L.
593 3610 645 3649 nur
658 3593 719 3650 hier
733 3610 796 3662 vor;
850 3596 1023 3652 besonderen
1042 3594 1200 3664 Satzgliede
1222 3591 1357 3663 erhoben,
1379 3596 1406 3648 in

235 3663 283 3732 28,
302 3669 346 3730 57,
365 3671 380 3719 2
400 3665 509 3720 duobus
526 3664 600 3732 filiis.
850 3667 914 3722 dem
942 3666 1106 3792 angegeben
1131 3665 1182 3733 ist,
1209 3663 1330 3718 weshelb
1355 3682 1406 3720 von

145 3799 149 3809 .
272 3741 297 3788 3.
316 3735 497 3807 conflaprare]
518 3760 551 3780 =
563 3736 663 3805 perire,
681 3735 796 3806 cigentl.
850 3738 895 3792 ihr
913 3738 996 3794 keine
1040 3737 1118 3794 efahr
1137 3736 1242 3790 drohen
1260 3734 1360 3791 kdnne.

237 3805 278 3860 ‘in
291 3805 437 3860 Flammen
454 3805 595 3876 ausgehen
610 3807 667 3861 und
681 3809 798 3862 nerstbrt
886 3830 916 3881 a,
933 3825 1016 3896 mim]
1035 3825 1081 3880 bei
1094 3823 1267 3892 ginwffien’
1286 3823 1327 3878 (ᾗ,
1341 3842 1405 3880 mm

234 3874 348 3958 werden
379 3877 466 3960 durch
498 3880 596 3946 etwas
628 3878 678 3962 des
712 3877 797 3948 oper
851 3897 910 3953 sich
942 3895 1030 3952 serbe
1056 3896 1163 3962 maere,
1195 3895 1282 3950 unu
1302 3912 1353 3949 nur
1377 3899 1404 3950 n

236 3964 311 4002 eines
324 3947 797 4005 bestrmmtenVerhtltnrsseswer·
850 3967 947 4023 Rege„
965 3983 1020 4022 ,011
1037 3966 1068 4022 Ι,
1087 3967 1278 4037 angewondgg

235 4018 315 4102 den’:
339 4018 407 4074 01³0*
423 4019 536 4090 h⁵⁰fi80
557 4019 704 4104 Metflpher
729 4021 797 4089 0³0⁸·
888 4045 913 4094 9.
932 4038 1100 4109 ablegarent]
1115 4037 1168 4092 wie
1178 4043 1221 4106 29,
1242 4041 1336 4103 1u‚5;
1352 4038 1402 4094 mit

235 4107 291 4145 ”⁸⁰-
317 4091 407 4173 ⁶⁰⁹¹lbl
432 4091 505 4144 Μὴ
527 4091 574 4174 b0}
592 4092 798 4176 Ansseklssgiflflr
852 4111 902 4166 der
910 4109 1171 4179 Nebenbedeutung
1180 4108 1256 4164 einer
1266 4109 1399 4164 cntehren-

235 4162 343 4216 welche
360 4163 406 4216 dre
425 4160 643 4233 Verurtherlung
660 4164 739 4218 tritt
853 4181 907 4236 den
925 4180 1017 4236 syras,
1042 4181 1106 4250 ,agg
1123 4179 1184 4236 Li„
1202 4180 1328 4249 saw„
1349 4180 1399 4234 wie

271 4240 297 4288 4·
315 4233 438 4316 ΜΨ]
458 4250 480 4287 ⁸·
499 4239 595 4317 ²⁰21,
616 4239 638 4289 1·
851 4269 907 4307 von
939 4251 993 4307 den
1025 4250 1241 4307 cannensischen
1266 4250 1397 4320 Legionen

272 4309 296 4359 5·
307 4305 632 4376 Wllapffmmfflll
644 4323 665 4360 θ·
676 4323 711 4360 2⁰
722 4311 764 4375 19,
773 4313 797 4362 θ’
852 4322 899 4392 25,
918 4328 943 4394 t,
962 4330 996 4378 10
1007 4323 1181 4392 (Cannensis)
1200 4322 1326 4376 emeretur
1338 4323 1397 4376 rele-

270 4394 357 4459 suerit
370 4398 519 4462 regnaturo
548 4394 798 4475 stettreyoeot'sset.
851 4400 932 4464 patos
958 4393 1152 4460 indiction,
1177 4393 1208 4447 in
1229 4391 1397 4474 Verbindung

235 4461 320 4518 Diese
334 4463 382 4518 bei
390 4465 510 4520 irreelen
543 4464 798 4538 edingungssttnen
851 4465 905 4524 mit
926 4466 1040 4520 esiliam
1062 4485 1084 4521 n.
1104 4465 1134 4520 B.
1153 4464 1180 4535 4,
1199 4470 1225 4533 4,
1245 4471 1261 4519 6
1284 4465 1343 4533 qud
1361 4469 1397 4519 eet
