2962 4956
59 340 95 370 ι.
115 327 168 370 cn.
186 338 209 368 a.
228 328 274 368 aa.
294 389 302 398 ⁵
495 311 605 367 crans
623 311 736 367 xxnn.
757 276 834 367 ase.
854 316 896 366 es.
1212 309 1256 375 65

59 477 143 542 sint
165 498 224 560 per
245 475 306 540 hos
329 474 406 540 dies.
451 496 524 539 eam
546 496 604 540 vos
627 473 775 538 fraudem
797 473 893 538 deum
916 473 1021 557 primo
1040 473 1252 557 benignitate,
1272 490 1289 539 2

64 566 154 630 dein
184 568 293 629 vestra
321 563 385 646 ipsi
413 563 534 628 virtute
564 563 632 627 dies
659 565 833 647 noctesque
855 562 1029 646 perstando
1053 583 1090 626 ac
1113 562 1252 646 pervigi-

62 654 173 718 lando
202 654 238 718 in
260 652 359 716 armis
382 651 534 716 vitastis·
565 651 691 716 utinam
713 651 848 715 relicum
869 653 997 734 tempus
1021 672 1078 714 nec
1101 649 1253 734 patiendo

64 742 212 807 infanda
238 761 297 806 nec
325 740 474 805 faciendo
501 739 627 805 traduci
654 743 773 823 posset.
817 738 898 803 haec
925 739 1051 804 occulta
1078 739 1114 802 in
1141 737 1290 804 fraudes

67 830 185 895 cautio
209 832 272 912 est,
296 851 360 914 qua
383 829 435 892 usi
458 828 561 893 adhuc
580 849 704 912 sumus3
729 827 780 892 cui
799 828 952 913 quoniam
970 849 1085 911 parum
1104 827 1261 910 succedit,

69 923 189 1002 aperte
221 938 258 982 ac
289 918 459 1001 propalam
491 918 597 981 claves
629 920 796 1000 portarum
826 919 1013 1002 reposcunt3
1047 937 1128 1000 quas
1159 915 1257 980 simul

71 1007 321 1088 tradiderimus,
348 1003 665 1092 Carthaginiensium
689 1004 851 1089 extemplo
875 1004 992 1068 Henna
1015 1006 1090 1087 erit,
1117 1002 1258 1069 foedius-

71 1117 141 1179 que
159 1091 214 1159 hic
230 1094 478 1177 trucidabimur,
500 1116 597 1179 quam
611 1092 816 1178 Murgantiae
834 1092 1031 1177 praesidium
1051 1093 1258 1158 interfectum

73 1186 138 1248 cst.
183 1187 312 1248 noctem
341 1205 441 1247 unam
470 1203 566 1267 aegre
596 1181 638 1246 ad
665 1181 916 1246 consultandum
939 1182 1078 1266 sumpsi,
1110 1203 1175 1267 qua
1197 1197 1292 1246 voss

72 1271 232 1336 certiores
263 1271 398 1354 periculi
425 1270 580 1335 instantis
609 1270 756 1336 facerem
803 1274 874 1335 orta
896 1270 967 1334 luce
989 1271 1174 1335 contionem
1197 1269 1253 1334 ha·

73 1359 179 1426 bituri
202 1359 342 1424 suntad
366 1359 603 1424 criminandum
625 1379 676 1424 me
699 1358 990 1442 concitandumque
1013 1359 1048 1422 in
1072 1380 1130 1423 vos
1153 1380 1257 1441 popu·

73 1448 155 1512 lum.
200 1448 311 1532 itaque
334 1449 476 1513 crastino
499 1447 550 1512 dic
574 1451 631 1512 aut
653 1450 760 1512 vestro
780 1452 837 1512 aut
851 1446 1074 1512 Hennensium
1094 1447 1289 1532 sanguinea

75 1535 197 1601 Henna
224 1535 444 1601 inundabitur.
489 1557 548 1601 nec
574 1537 800 1620 praeoccupati
829 1557 919 1619 spem
946 1535 1049 1600 ullam
1076 1557 1135 1600 nec
1164 1557 1255 1600 occu·

77 1629 197 1709 pantes
226 1625 361 1708 periculi
392 1625 563 1710 quicquam
592 1624 763 1688 habebitis.
810 1625 863 1708 qui
892 1625 981 1707 prior
1004 1623 1170 1688 strinxerit
1192 1622 1255 1688 fer-

78 1735 169 1797 rum,
192 1713 261 1778 eius
284 1713 419 1778 victoria
442 1715 512 1778 erit.
548 1712 666 1777 intenti
689 1732 767 1798 crgo
792 1733 903 1778 omnes
927 1714 1107 1798 armatique
1127 1712 1255 1796 signum
1276 1731 1292 1780 6

76 1802 302 1885 expectabitis.
348 1821 409 1886 ego
440 1802 476 1866 in
507 1800 657 1867 confionc
690 1823 745 1866 ero
778 1803 811 1864 et
837 1804 979 1885 tempus,
1012 1801 1118 1886 quoad
1146 1801 1257 1866 omnia

75 1889 239 1954 instructa
267 1890 346 1975 sint,
374 1889 534 1975 loquendo
563 1889 809 1972 altercandoque
831 1889 969 1954 traham.
1015 1909 1088 1953 cum
1110 1893 1190 1973 toga
1213 1890 1254 1954 si·
1276 1908 1292 1955 s

77 1998 182 2063 gnum
210 1977 340 2056 dedero,
368 1981 439 2042 tum
466 1978 547 2042 mihi
574 1976 715 2062 undiquc
738 1979 878 2043 clamore
901 1977 1030 2042 sublato
1052 1977 1183 2041 turbam
1206 1977 1255 2041 in·

76 2066 188 2130 vadite
217 2089 255 2132 ac
282 2067 418 2132 sternite
446 2067 555 2131 omnia
581 2067 666 2131 ferro
704 2069 736 2130 et
764 2069 874 2131 cavete
903 2066 1076 2152 quicquam
1104 2065 1255 2150 supersit,

80 2151 1292 2239 cmmfflmmmmmmwfflwmmw

78 2242 286 2328 Proserpina,
309 2265 431 2328 precor,
450 2244 548 2308 ceteri
567 2243 675 2327 superi
693 2243 876 2328 infernique
895 2243 941 2326 di,
965 2244 1020 2329 qui
1034 2243 1119 2308 hanc
1134 2243 1257 2329 urbem,

78 2330 142 2396 hos
166 2335 309 2409 sacratos
332 2333 423 2398 lacus
446 2332 599 2417 lucosque
621 2331 744 2415 colitis,
771 2335 809 2395 ut
830 2332 877 2397 ita
899 2333 995 2397 nobis
1019 2332 1165 2397 volentes
1185 2353 1258 2416 pro-

78 2419 158 2504 pitii
188 2420 316 2504 adsitis,
352 2421 381 2485 si
410 2420 573 2505 vitandas,
602 2442 668 2486 non
700 2419 885 2484 inferendae
917 2420 1040 2486 fraudis
1069 2441 1167 2485 causa
1194 2420 1257 2486 hou

78 2508 208 2573 consilii
235 2509 388 2593 capimus.
433 2510 581 2593 pluribus
604 2531 675 2592 vos,
703 2509 836 2586 milites,
865 2509 1026 2592 hortarer,
1054 2509 1082 2573 si
1111 2530 1184 2573 cum
1208 2527 1291 2574 ars

80 2597 181 2661 matis
205 2596 371 2663 dimicatio
394 2598 504 2662 futura
526 2600 625 2663 essct:
657 2597 810 2681 inermes,
837 2597 984 2662 incautas
1008 2597 1049 2661 ad
1073 2599 1256 2662 satietatem

119 2846 144 2895 2.
163 2846 252 2896 emera
269 2843 326 2911 ipsi
343 2842 583 2914 virtatellogiseh
597 2859 645 2912 ge·
698 2842 782 2897 weiss
801 2843 914 2898 absolut
932 2843 1100 2913 gebraucht,
1118 2843 1195 2896 sonst
1208 2843 1261 2897 mit

80 2929 168 2966 naaer
185 2917 260 2967 ware
282 2919 372 2967 amira
393 2916 517 2982 ipsorum
534 2931 568 2982 a,
592 2914 645 2968 wie
699 2913 791 2968 einem
809 2913 932 2968 Infinitiv
953 2913 1120 2969 verbunden.

83 2983 111 3050 1,
130 2988 173 3052 28,
192 2990 209 3037 4
227 2985 292 3050 fait,
310 2986 383 3053 quad
398 2987 521 3053 primam
538 2985 582 3040 dis
599 2985 645 3038 in·
734 2986 794 3038 eius
810 2985 928 3039 victoria
945 2985 1009 3054 erit]
1029 2986 1107 3039 sonet
1120 2986 1185 3054 sagt
1198 2983 1258 3038 niv.

82 3054 245 3108 mortalitas
268 3057 376 3123 pretias
398 3057 525 3124 operatis,
549 3055 646 3110 deinde
698 3057 760 3110 vict.
788 3061 827 3110 est
851 3072 932 3125 penes
955 3055 1022 3110 oder
1044 3055 1121 3124 apud
1143 3057 1261 3124 aliquem

82 3129 186 3179 uestrae
209 3125 332 3194 ipsorum
354 3127 468 3191 uirtuti·
496 3126 563 3180 aber
585 3126 644 3180 Liv.
700 3126 767 3180 oder
792 3125 853 3180 ‘der
878 3125 944 3196 Sieg
966 3126 1003 3180 ist
1027 3126 1077 3180 auf
1094 3127 1190 3180 Seiten
1213 3127 1259 3180 Je-

82 3195 171 3265 pflegt
185 3196 256 3249 auch
270 3195 420 3265 inFtllen,
439 3197 490 3251 wic
505 3197 569 3251 dem
584 3213 645 3251 vor·
699 3196 837 3265 mandes',
863 3216 884 3251 z.
904 3198 935 3255 B.
961 3196 992 3263 1,
1011 3202 1089 3264 aar
1115 3197 1156 3251 ibi
1178 3199 1261 3265 impe-

83 3267 244 3334 lieganden,
281 3266 327 3322 bei
350 3267 414 3321 dem
437 3267 644 3336 Possessivprc·
698 3269 773 3322 riam
790 3268 857 3337 fore,
880 3269 952 3322 rmdc
969 3268 1087 3322 victoria
1104 3268 1197 3334 faerit,
1216 3283 1260 3321 wo

83 3337 256 3462 norgenippe
270 3338 321 3392 auf
332 3337 387 3392 den
397 3338 482 3463 5liopp).
498 3338 565 3393 eder
578 3339 642 3394 Ace.
699 3339 772 3393 ande
789 3338 849 3393 sich
868 3338 1064 3463 samthech
1083 3343 1188 3460 {aab
1236 3407 1242 3418 ¹

84 3424 269 3566 zssmglnzass
278 3425 444 3566 ,vg'lzgq'vq
462 3515 490 3550 u
514 3495 564 3562 23,
583 3502 608 3564 9,
628 3500 644 3549 5
698 3409 1261 3546 alslialdcpdlhqunaah]t¹ttldaedrdtedlldertnwrtle5

86 3568 243 3622 audeantur
261 3568 383 3634 infanda
400 3592 434 3613 =
453 3567 583 3636 nefanda.
699 3557 799 3617 6111)ῖῦθί
828 3554 906 3604 8οῡθῦ
931 3550 1033 3620 80h⁶¹l⁵
1056 3549 1106 3602 ‘¹³¹⁸
1124 3549 1261 3631 Fuiumm

120 3638 241 3708 tragum]
265 3637 321 3707 ,gp
341 3639 368 3706 9,
388 3645 412 3704 3,
432 3646 449 3692 4
466 3640 510 3692 1,ss
529 3639 644 3693 invicem
699 3622 742 3674 als
769 3621 870 3690 lmper.
897 3621 977 3675 mehr
1009 3619 1059 3673 der
1090 3619 1259 3674 famrharren

84 3709 252 3762 sermonibus
269 3725 326 3763 noa
343 3710 474 3764 traducta
490 3713 536 3764 est.
698 3691 888 3774 Spfesshweile
907 3709 951 3747 Μ·
1066 3760 1072 3772 .
1221 3760 1226 3772 .

733 3764 808 3833 toga]
836 3762 913 3818 drese
941 3761 1037 3818 wurde
1063 3779 1103 3814 rm
1130 3760 1261 3827 Quartrer

123 3818 147 3864 3.
167 3813 224 3883 ⁰¹⁴⁸]
244 3839 278 3860 =
296 3815 343 3868 Μ
360 3815 399 3880 eir
426 3814 511 3869 ΠΜ·
530 3815 643 3881 simii
697 3836 846 3903 getragen,
869 3833 938 3888 aber
960 3851 1013 3887 nur
1029 3849 1084 3888 von
1103 3833 1158 3887 den
1176 3831 1261 3885 Char-

85 3883 205 3937 swcoedil
223 3901 243 3938 Β·
263 3903 297 3938 bu
316 3891 358 3953 19,
378 3892 402 3940 6·
698 3903 817 3973 giertem
846 3904 897 3958 der
920 3903 1049 3975 gemeine
1072 3902 1171 3958 Saldat
1195 3906 1261 3972 trug

121 3953 225 4024 apelle]
248 3954 458 4027 lfllfiegeflffllz
480 3975 519 4038 ω,
537 3956 643 4038 siwia
698 3975 752 4029 den
770 3975 977 4044 Kriegsmantel
994 3979 1122 4044 (sapam).

81 4025 229 4093 propalam
260 4044 291 4080 au
324 4026 445 4081 orcalta:
476 4027 643 4081 ehrastisehe
734 4050 759 4100 g,
780 4045 858 4100 03,oe
876 4063 910 4101 ac
930 4047 1008 4101 Pro&
1043 4065 1062 4099 Β,
1083 4050 1125 4112 39,
1145 4050 1170 4098 8,

87 4095 227 4166 Slelhmsst
244 4098 310 4180 ‚vgl
336 4101 380 4164 25,
405 4104 423 4151 4
445 4098 542 4167 palam
565 4102 645 4166 “idue
734 4118 829 4183 superi
851 4117 1007 4187 informique
1042 4116 1120 4170 sonet
1142 4114 1214 4169 auch
1236 4131 1259 4168 z.

86 4172 177 4234 aperte
190 4172 308 4236 petriam
325 4185 438 4237 reqnnm
456 4169 526 4230 alam
544 4173 569 4222 et
584 4169 646 4223 dolo
699 4186 729 4240 B.
754 4186 804 4254 28,
830 4193 873 4257 ῃ,
898 4195 914 4243 9
938 4206 966 4244 30
988 4203 1038 4257 per
1062 4188 1124 4240 deos
1148 4199 1260 4254 superos

86 4238 213 4304 affectare
231 4243 353 4293 OOMW·
699 4257 874 4328 inferosque
892 4276 971 4315 orare
989 4265 1021 4313 at
1039 4300 1045 4312 .
1066 4297 1072 4310 .

123 4329 147 4379 5.
165 4327 361 4398 inmndabitar]
381 4345 402 4380 s.
422 4345 455 4380 su
474 4332 500 4395 9,
520 4333 544 4383 6.
735 4330 813 4384 laras
831 4331 965 4401 lucosque]
985 4348 1005 4384 s.
1025 4346 1060 4381 cu
1079 4331 1121 4395 15,
1141 4333 1166 4384 4.

122 4397 293 4466 occupantes]
330 4400 380 4466 (=
417 4398 481 4452 dem
518 4396 644 4467 Compos.
735 4400 777 4454 ita
796 4402 1038 4472 -sr]szu16‚
1059 4404 1101 4452 13.

82 4468 646 4537 praeoccupantes)wirdhierausnahms·
734 4472 851 4525 achates
864 4471 995 4542 propitii]
1016 4489 1037 4525 s.
1058 4487 1092 4522 zu
1110 4475 1154 4540 21,
1175 4475 1217 4526 10.

141 4565 185 4606 ra.
199 4566 250 4606 mv.
263 4567 290 4610 n
305 4568 340 4608 ar.
1031 4563 1047 4613 5
