2962 4956
85 338 111 370 a
135 326 191 368 cnr.
210 326 256 368 21³.
453 310 564 367 arasa
581 310 695 366 mul.
714 310 793 368 cnr.
812 317 855 367 se.
874 317 918 367 ro.
1232 311 1275 378 6⁷

90 473 289 540 certaminis
318 494 373 537 eos
400 471 559 538 inritaret
604 473 651 537 ita
673 471 793 538 Henna
820 477 877 538 aut
904 473 990 538 malo
1014 475 1071 538 aut
1093 475 1311 541 necessario?

88 563 245 628 facinore
267 564 405 626 retenta.

188 650 360 715 Marcellus
383 671 442 715 nec
465 648 587 714 factum
610 650 798 734 inprobavit
825 654 856 715 et
879 650 1033 734 praedam
1051 649 1277 717 Hennensium

90 740 257 804 militibus
281 739 441 803 concessit
463 741 555 803 ratus
574 737 691 804 timore
707 739 880 804 deterritos
894 760 915 804 o
929 739 1169 823 proditionibus
1183 761 1276 824 prae·

92 827 254 893 sidiorum
280 825 412 893 Siculos.
460 831 556 911 atque
585 849 623 891 ea
653 828 773 910 clades,
805 831 843 892 ut
864 827 955 892 urbis
978 828 1011 892 in
1037 828 1143 892 media
1166 826 1311 895 Siciliaa

93 917 181 982 sitae
206 916 373 1001 claraeque
397 917 448 980 vel
472 917 513 981 ob
536 916 699 1001 insignem
717 916 918 981 munimento
936 916 1079 981 naturali
1098 917 1206 982 locum
1224 919 1277 982 vel

95 1006 142 1071 ob
167 1007 296 1069 sacrata
319 1004 428 1070 omnia
451 1004 599 1090 vestigiis
622 1009 736 1089 raptae
751 1005 915 1090 quondam
929 1003 1152 1090 Proserpinae,
1175 1027 1275 1090 prope

92 1115 163 1159 uno
195 1093 246 1157 die
275 1114 404 1158 omnem
429 1091 571 1158 Siciliam
598 1094 749 1177 pervasit.
796 1097 829 1158 et
856 1094 932 1179 quia
955 1094 1050 1158 caede
1073 1095 1205 1159 infanda
1227 1112 1311 1161 rea

91 1183 216 1247 bantur
247 1203 313 1246 non
341 1181 509 1246 hominum
536 1184 665 1246 tantum
689 1183 744 1246 sed
768 1183 866 1246 etiam
889 1183 1022 1247 deorum
1045 1183 1153 1248 sedem
1175 1183 1275 1248 viola·

92 1275 167 1336 tam
195 1291 278 1354 esse,
310 1273 381 1334 tum
404 1291 480 1335 vero
504 1271 601 1334 etiam
626 1270 682 1356 qui
706 1275 782 1336 ante
805 1271 894 1336 dubii
916 1271 1046 1336 fuerant
1069 1270 1211 1338 deiecere
1235 1271 1276 1337 ad

92 1358 233 1424 Poenos.
256 1377 259 1383 “
278 1357 497 1443 Hippocrates
524 1357 597 1423 inde
625 1358 861 1445 Murgantiam,
892 1358 1035 1425 Himilco
1059 1359 1275 1446 Agrigentum
1295 1377 1329 1426 10

94 1469 167 1513 sese
190 1447 327 1531 recepit,
350 1461 431 1511 cum·
446 1447 541 1512 acciti
564 1469 583 1510 a
605 1447 826 1531 proditoribus
848 1449 1044 1534 nequiquam
1068 1449 1108 1513 ad
1122 1447 1274 1514 Hennam

95 1536 274 1601 exercitum
308 1535 538 1600 admovissent.
592 1535 765 1601 Marcellus
797 1540 884 1602 retro
916 1537 951 1600 in
970 1536 1159 1630 ,Leontinos
1192 1539 1276 1602 redit
1295 1555 1328 1604 11

94 1625 321 1709 frumentoque
344 1627 377 1688 et
399 1625 632 1690 commeatibus
656 1626 729 1690 aliis
752 1626 787 1688 in
810 1629 918 1689 castra
937 1626 1101 1690 convectis
1114 1627 1274 1710 praesidio

94 1713 225 1778 modico
249 1713 297 1777 ibi
318 1713 433 1778 relicto
457 1713 498 1777 ad
513 1711 688 1797 Syracusas
713 1713 907 1779 obsidendas
931 1714 1030 1780 venit.
1075 1715 1150 1780 inde
1164 1715 1273 1799 Appio
1293 1732 1326 1781 12

94 1799 232 1870 Claudio
256 1800 395 1865 Romam
418 1801 459 1865 ad
482 1802 686 1867 consulatum
713 1803 888 1885 petendum
911 1801 1011 1866 misso
1035 1802 1073 1868 Τ.
1088 1802 1274 1879 Quinctium

95 1887 285 1973 Crispinum
314 1891 349 1954 in
378 1890 445 1954 eius
472 1890 581 1954 locum
609 1890 705 1954 classi
728 1891 909 1974 castrisque
932 1891 1077 1973 praeficit
1098 1892 1274 1976 veteribus3

94 1979 165 2062 ipse
188 1978 399 2043 hibernacula
421 1979 562 2064 quinque
582 1979 672 2043 milia
690 2001 846 2063 passuum
865 1980 904 2044 ob
921 1979 1085 2064 hexapylo
1098 2015 1137 2027 -
1150 1977 1275 2044 Leonta
1294 1998 1327 2046 13

94 2069 215 2132 vocant
245 2066 354 2131 locum
386 2103 424 2113 -
456 2067 647 2132 communiit
679 2067 932 2153 aedificavitque.
985 2069 1066 2134 h'aeo
1097 2068 1131 2134 in
1164 2066 1275 2134 Sicilia

96 2176 198 2240 usque
222 2155 262 2218 ad
284 2155 480 2239 principium
502 2155 620 2220 hiemis
644 2161 744 2242 gesta.
1210 2169 1214 2178 “

185 2242 307 2307 Eadem
340 2247 464 2309 aestate
498 2247 531 2308 et
562 2266 635 2309 cum
666 2245 820 2330 Philippo
851 2266 942 2330 rege,
980 2245 1066 2331 quod
1098 2247 1163 2310 iam
1196 2250 1272 2312 ante
1282 2249 1327 2313 40

96 2335 281 2416 suspectum
309 2331 429 2411 fuerat,
462 2336 587 2398 motum
610 2333 731 2398 bellurn
754 2337 812 2399 est.
856 2334 957 2418 legati
981 2335 1022 2399 ab
1046 2334 1141 2399 Orico
1166 2334 1206 2399 ad
1230 2335 1309 2403 M.'a
1419 2349 1422 2356 ⁴

95 2419 262 2486 Valerium
294 2423 478 2504 praetorem
509 2426 680 2501 venerunt,
711 2422 951 2505 praesidentem
979 2423 1076 2487 classi
1099 2422 1272 2489 Brundisio

132 2565 156 2612 7.
167 2558 655 2628 inaccessarioliegtaineEntschul·
708 2561 840 2632 hangend
850 2564 932 2616 unter
942 2561 1047 2616 diesem
1057 2561 1142 2616 Jahre
1158 2549 1273 2619 eraahlt.

95 2629 655 2699 digungderscbeusslichenThat,doeh
708 2633 746 2687 M.
775 2633 903 2687 Valerius
935 2633 985 2686 hat
1014 2637 1097 2700 10,4
1128 2633 1184 2687 den
1205 2633 1274 2687 Auf-

98 2701 172 2755 sieht
189 2717 263 2769 man,
282 2701 346 2755 dass
361 2700 421 2755 Liv.
441 2699 481 2755 sie
495 2700 657 2770 missbilligt
709 2706 774 2774 trag
793 2703 920 2758 erhalten
943 2704 980 2757 ud
998 2702 1185 2758 Brwrdisium
1209 2720 1274 2758 erue

94 2772 204 2839 (molo);
227 2771 359 2842 fibrigens
377 2773 442 2842 sagt
460 2788 490 2826 er
508 2788 563 2836 uon
581 2773 656 2827 Han=
709 2776 865 2830 maritimae
891 2775 1013 2828 interitus
1035 2775 1166 2828 adoreas
1184 2790 1274 2830 ormwa

94 2841 185 2896 nibals
203 2842 313 2910 Befehl,
341 2858 431 2897 omnes
449 2844 566 2911 puberes
584 2843 658 2898 nach
710 2852 799 2900 motas
810 2845 939 2913 Philippi
952 2850 1104 2913 praeeram
1117 2845 1191 2927 ,jetat
1204 2846 1274 2915 geht

95 2913 144 2968 der
177 2912 332 2968 Einnahme
365 2912 485 2982 Sagunts
515 2913 658 2968 niederau-
712 2933 743 2970 er
759 2917 833 2970 nach
842 2915 1049 2970 Griechenland
1062 2915 1189 2985 (Oneum
1203 2917 1274 2987 liegt

94 2985 199 3038 hauan:
225 2985 297 3053 quod
315 2985 460 3053 imperium
478 2985 597 3050 cadelo,
616 3001 655 3039 oe·
709 3003 746 3040 an
783 2987 832 3040 der
864 2975 1042 3057 Nordgrenae
1074 3004 1130 3043 von
1161 2987 1273 3057 Epirus)

94 3060 180 3109 teram
200 3070 289 3124 prope
313 3055 494 3110 messanum
517 3057 656 3126 copritwm
709 3057 836 3112 hinfiber,
1381 3099 1383 3103 ,

94 3127 153 3195 ipso
171 3131 266 3179 ereata
284 3131 322 3179 est
341 3125 398 3194 (21,
419 3131 461 3194 14,
481 3129 516 3191 3).
744 3127 908 3199 amenum]
932 3129 989 3198 vgl.
1009 3135 1052 3196 44,
1072 3137 1088 3185 6
1113 3130 1200 3184 multa
1223 3133 1273 3183 out

130 3202 155 3250 8.
173 3201 205 3249 at
218 3197 295 3251 urbis
322 3201 354 3250 at
368 3196 422 3251 den
435 3197 654 3266 bagrdndenden
708 3204 782 3254 neoto
802 3204 853 3254 out
869 3205 994 3268 suspecto
1013 3201 1091 3254 bella.
1128 3200 1200 3254 Dem
1219 3200 1272 3254 Re·

96 3267 232 3322 Umstand
255 3283 291 3321 an
343 3267 410 3333 end,
434 3267 553 3322 deutsch
577 3267 653 3324 ‘als’.
707 3270 838 3325 lativsata
874 3271 1108 3340 entsprecbender
1143 3276 1217 3324 ware
1254 3289 1273 3324 o

125 3356 248 3424 peruasit
266 3355 367 3426 clades]
386 3355 524 3410 vialmehr
537 3345 587 3411 das
602 3356 654 3410 Ge·
710 3341 738 3394 P
736 3341 842 3423 hilippo
865 3347 967 3396 ’mium
988 3345 1042 3423 Μ),
1063 3341 1195 3396 vibrent!
1215 3357 1273 3394 nun

94 3426 175 3480 n'icht
192 3426 298 3494 dauon,
316 3426 379 3481 eine
397 3427 437 3480 im
456 3425 557 3482 Latein
574 3427 656 3481 nicht
708 3412 860 3480 elssenih⁰h
883 3428 902 3465 α
920 3411 1055 3466 R⁰mam⁸
1077 3429 1110 3465 ΖΠ
1134 3416 1272 3480 θῑὲἥῦῑθῦ

94 3496 390 3566 seltenaVerkdraung
408 3497 653 3552 dcsAusdrnclres.
708 3481 753 3536 ifli·
791 3482 834 3536 ΒΕ
862 3481 952 3562 (Ῑὶθβθῖ
975 3481 1075 3535 zmil
1101 3482 1169 3536 aber
1191 3481 1272 3551 fehlt

129 3573 153 3622 9.
172 3567 304 3638 infundo]
318 3568 372 3622 wie
386 3575 429 3636 38,
444 3574 469 3623 3,
708 3568 739 3606 so
760 3553 862 3606 nithart
884 3553 943 3607 sich
964 3557 1066 3606 crotera
1089 3558 1127 3606 est
1146 3552 1209 3606 dem
1228 3569 1271 3606 or-

130 3644 170 3694 11⁸
189 3638 272 3709 retro]
294 3657 315 3693 g,
334 3657 368 3693 zu
387 3644 430 3707 20,
449 3646 473 3693 3,
708 3629 766 3677 terra
793 3627 831 3677 est
849 3648 884 3668 =
907 3622 984 3677 ‘kam
1012 3641 1074 3676 aum
1102 3624 1271 3679 Ausbruch'.

131 3715 172 3762 12.
190 3709 283 3780 misso]
302 3709 429 3764 militair.
443 3710 591 3765 ausdruck
608 3710 655 3765 fdr
709 3693 837 3777 Gellium
865 3693 954 3748 heim
981 3709 1010 3748 0⁸
1036 3692 1087 3763 33,
1116 3698 1208 3778 452‘5
1240 3695 1273 3750 id

95 3780 247 3847 enumerem
266 3781 323 3850 vgl⁸
344 3785 358 3845 ς
380 3788 393 3832 1
414 3781 528 3836 armaspi,
708 3765 979 3819 animadvertendam
993 3780 1059 3830 esse,
1078 3767 1145 3835 qued
1156 3762 1272 3820 Gurtho-

129 3851 271 3922 oeteribus]
292 3851 342 3906 das
356 3852 449 3920 Lager
466 3852 543 3906 beim
557 3853 654 3922 Olym-
707 3837 856 3906 dmm&
883 3836 908 3890 ⁸²¹
934 3852 994 3890 Μ
1012 3837 1148 3919 ,Απίίθθῆθ
1174 3836 1271 3891 bellum

94 3920 179 3990 pium.
707 3912 808 3961 molera
825 3907 905 3974 foret,
926 3912 1016 3961 actura
1035 3913 1127 3970 eareat.

130 3991 170 4048 rs.
187 3991 307 4063 Leonta]
330 3992 382 4046 mit
400 3992 505 4063 graecu
524 3985 672 4064 anuum
703 3978 1191 4118 Pri-etprrppopptoqpqeeppipbtt
1204 3993 1271 4102 rw,-

127 4095 174 4180 49·
211 4097 331 4181 Kfiess.
353 4115 463 4168 808011
499 4099 652 4170 Philias·
737 4120 906 4191 promere]
926 4120 964 4175 ns
981 4119 1105 4175 minan.
1120 4119 1219 4174 susa.
1235 4143 1270 4165 =

95 4168 254 4252 Oneum,
290 4169 380 4224 w1rd
430 4186 652 4240 cenomanen,
709 4189 839 4245 ‘deenen’
860 4192 1027 4260 (sensenna
1049 4190 1106 4260 vgl.
1125 4189 1172 4257 ss,
1190 4196 1269 4258 aaa

93 4239 279 4310 Apollonia
308 4243 471 4310 antestat,
503 4242 562 4295 der
587 4241 652 4296 Κδ-
707 4259 1271 4330 Mfflmiusadmmmmmmffli

93 4311 151 4380 115ss
168 4310 389 4381 80⁸0h123011·
706 4349 794 4400 supra
813 4333 971 4388 Suessulam
989 4333 1079 4386 Nolae
1091 4333 1270 4401 praesideret,

130 4405 153 4453 1.
171 4400 262 4454 eudem
281 4401 393 4472 aedom]
412 4401 438 4455 d.
459 4399 484 4457 J.
504 4406 570 4466 214,
588 4399 654 4456 weil
707 4405 814 4459 ariam

93 4469 151 4525 Liv.
166 4470 216 4525 das
230 4470 466 4541 Vorhergshanda
481 4488 653 4526 zusammen·
743 4474 836 4544 elassa]
855 4473 894 4530 ist
910 4474 974 4531 Abl.
993 4475 1049 4545 vgl.
1071 4481 1112 4542 10,
1133 4480 1156 4529 7.

1017 4561 1049 4617 5⁸
