2934 4952
66 347 91 376 a.
111 335 162 376 eux.
181 345 204 374 n.
225 335 271 375 err.
452 313 561 370 LIBER
578 313 690 369 XXIIII.
716 313 794 370 OAP.
815 319 856 370 1⁸.
872 320 913 368 19.
1206 312 1249 378 33

69 485 190 568 primo,
218 480 332 546 deinde
358 479 529 544 viduarum
552 481 686 562 coeptae
709 476 857 560 conferri,
880 497 1040 562 nusquam
1063 498 1118 542 eas
1141 476 1243 542 tutius
1265 494 1299 544 14

70 573 275 656 sanctiusque
294 570 454 654 deponere
473 568 676 633 credentibus
696 566 751 650 qui
769 565 957 630 deferebant
976 586 1073 650 quam
1087 567 1121 631 in
1138 566 1244 650 publi·

71 684 111 726 ca
133 661 203 725 fids.
244 658 320 724 inde
344 659 372 723 si
396 656 473 743 quid
501 658 645 740 emptum
672 658 885 739 paratumque
912 654 1046 739 pupillis
1075 675 1112 720 ac
1139 655 1244 720 viduis

68 751 165 834 foret,
188 772 207 814 a
230 751 401 835 quaestore
424 746 692 830 perscribebatur.
738 743 884 808 manavit
906 764 945 807 ea
967 744 1167 827 privatorum
1190 745 1244 809 be·
1264 762 1297 811 15

68 840 216 926 nignitas
241 859 279 901 ex
301 837 380 902 urbe
403 836 502 900 etiam
525 835 560 899 in
582 838 699 918 castra,
721 835 759 897 ut
781 853 848 898 non
870 853 981 918 eques,
1007 853 1075 896 non
1097 834 1243 898 centurio

70 927 272 1012 stipendium
304 925 475 1009 acciperet,
507 923 828 1007 mercennariumque
857 921 1062 1006 increpantes
1092 925 1247 987 vocarent

68 1017 128 1100 qui
151 1015 338 1098 accepisset

164 1102 201 1180 Q.
214 1103 334 1169 Fabius
358 1100 531 1168 eonsul'ad
546 1099 721 1167 Casilinum
741 1102 848 1164 castra
866 1099 1021 1183 habebat,
1045 1098 1131 1183 qnod
1150 1099 1248 1164 duum
1262 1103 1302 1168 19

72 1193 200 1258 milium
210 1191 450 1278 Campanorum
464 1196 498 1254 et
511 1191 790 1273 septingentorum
803 1188 942 1253 militum
954 1187 1150 1254 Hannibalis
1161 1193 1250 1254 tenc-
1295 1187 1317 1212 'l'

72 1283 170 1348 batur
192 1281 365 1365 praesidio.
401 1282 551 1364 praeerat
568 1276 690 1342 Statius
713 1277 831 1342 Metius
856 1276 973 1342 missus
998 1278 1039 1342 ab
1060 1275 1117 1342 On.
1136 1277 1247 1364 Magio
1267 1298 1283 1346 a

71 1372 241 1455 Atellano,
266 1371 322 1455 qui
345 1391 383 1434 eo
406 1389 492 1432 anno
506 1367 612 1432 medix
625 1368 745 1431 tuticus
760 1370 842 1445 erat,
867 1365 1061 1451 serettiaque
1076 1371 1109 1431 et
1122 1367 1250 1450 plebem

71 1461 255 1545 promiscue
284 1460 454 1540 armarat,
471 1460 507 1520 ut
535 1459 642 1522 castra
664 1455 813 1521 Romana
836 1455 1003 1520 invaderet
1024 1456 1151 1520 intento
1174 1478 1249 1522 con-

72 1549 143 1613 sule
167 1548 208 1612 ad
233 1544 412 1611 Casilinum
436 1546 696 1631 oppugnandum.
732 1544 815 1609 nihil
839 1565 950 1609 eorum
964 1544 1100 1609 Fabium
1123 1545 1250 1611 fefellit.

70 1639 184 1720 itaque
207 1635 329 1700 Nolam
353 1634 392 1699 ad
416 1635 574 1720 collegam
597 1634 712 1715 mlttit,
735 1634 836 1697 altero
860 1634 1012 1717 exercitu,
1036 1633 1112 1698 dum
1136 1631 1249 1700 Casili·
1269 1655 1285 1704 3

74 1746 160 1789 num*
173 1727 392 1810 oppugnatur,
416 1743 498 1807 opus
516 1745 603 1804 csse,
627 1723 682 1806 qui
697 1720 871 1806 Campanis
890 1725 1087 1806 opponatur:
1111 1724 1162 1788 vel
1180 1723 1287 1808 ipsae
1310 1805 1314 1814 ¹

70 1814 188 1878 relicto
210 1811 312 1878 Nolae
340 1812 502 1896 praesidio
533 1811 660 1877 modico
684 1812 821 1895 reniret,
852 1812 916 1894 vel,
949 1811 1074 1876 sicum
1096 1811 1182 1877 Nola
1204 1815 1251 1877 te

73 1905 179 1984 neret,
211 1901 347 1967 necdum
370 1922 500 1966 securae
523 1922 575 1966 res
599 1902 640 1964 ab
663 1898 848 1964 Hannibale
872 1903 993 1983 essent,
1026 1921 1059 1964 se
1083 1899 1131 1965 Ti.
1154 1899 1251 1966 Grac-

71 1992 171 2056 chum
198 1989 427 2075 proconsulem
454 2012 474 2054 a
501 1988 687 2055 Benevento
715 1989 901 2053 acciturum.
937 1989 1000 2055 hoc
1027 1990 1141 2053 nuntio
1165 1987 1286 2060 Mar-5

71 2079 173 2145 cellas
197 2078 321 2144 duobus
346 2080 487 2143 militum
510 2079 640 2143 milibus
662 2077 767 2143 Nolae
790 2078 825 2142 in
847 2078 1008 2162 praesidio
1031 2079 1152 2144 relictis
1176 2101 1249 2144 cum

73 2172 180 2234 cetero
204 2168 347 2233 exercitu
366 2166 546 2234 Casilinum
568 2168 670 2253 venit,
693 2165 897 2252 adventuque
920 2167 988 2232 eius
1007 2164 1166 2251 Campani
1183 2169 1250 2234 iam

73 2261 241 2322 moventes
265 2279 334 2321 sese
357 2258 557 2341 quieverunt
592 2257 641 2321 ita
664 2257 704 2320 ab
724 2256 849 2329 dnobus
869 2256 1056 2322 consulibus
1071 2254 1249 2322 Casilinum
1268 2278 1285 2327 e

73 2345 574 2517 substernitur
587 2345 1248 2519 ntItIIIIIIIIIIIIIIZ..ttulit

725 2484 733 2518 l

113 2579 155 2628 14.
183 2573 295 2644 uiduae]
323 2573 394 2626 auch
419 2573 465 2628 dle
489 2574 636 2628 unverbci·
727 2573 775 2627 19.
817 2572 1153 2642 WIedererobernng
1183 2590 1251 2628 von

72 2644 170 2698 rathet
185 2643 370 2713 gebliebenen
383 2644 521 2699 Mtdcben
534 2643 636 2701 mitbe·
662 2678 671 2686 -
691 2643 879 2699 Casilinum
898 2644 1005 2698 durch
1023 2643 1158 2700 Fabius.

72 2714 235 2770 aeichnend.
726 2721 750 2770 1.
779 2715 877 2786 duum]
896 2733 916 2770 s.
937 2719 1014 2781 2118,
1036 2721 1077 2769 10.

108 2785 252 2856 depoum]
273 2786 345 2858 ohne
362 2802 398 2852 ee,
416 2805 437 2840 s.
456 2804 490 2840 zu
509 2794 534 2857 6,
553 2793 577 2843 o.
724 2793 749 2840 2.
782 2787 922 2858 Atellano]
962 2803 1013 2841 aus
1050 2785 1154 2854 Atella3
1199 2786 1250 2842 der

108 2857 225 2928 deferre]
254 2881 288 2902 =
316 2859 445 2924 conferre,
482 2859 536 2913 wie
568 2859 634 2914 kurz
688 2859 779 2913 media
805 2859 907 2912 tuticus
929 2874 988 2912 war
1015 2873 1136 2912 summus
1162 2860 1250 2928 raupi-

72 2929 182 2982 vorher.
687 2934 792 2984 stratus
810 2929 887 2998 apud
900 2927 1055 2997 Oumpuuoa
1079 2928 1135 2997 (28,
1150 2935 1193 2998 35,
1207 2937 1246 2985 13.

110 2999 192 3068 foret]
212 2998 251 3052 ist
264 2999 314 3054 der
326 2999 371 3054 bei
385 2999 418 3054 L.
432 3000 544 3070 hbufige
556 3000 633 3073 Gonj.
690 2999 856 3068 26,6,13);
881 2999 927 3054 die
944 2999 1046 3055 beiden
1071 2999 1169 3056 Worte
1188 3001 1249 3056 sind

72 3069 231 3123 iterativus.
690 3072 798 3126 oscisch
816 3070 873 3125 und
896 3070 1036 3126 bedenten
1059 3087 1090 3125 so
1114 3072 1170 3127 viel
1195 3073 1249 3127 wie

110 3141 338 3211 perscribebatur]
369 3141 475 3196 ‘wurde
498 3142 559 3197 eine
578 3144 635 3196 An·
691 3141 898 3212 ‘Landpfleger’
911 3143 1012 3211 (raedis
1020 3143 1111 3212 bangt
1123 3143 1176 3197 mie
1185 3143 1250 3198 dem

74 3209 635 3351 adsueuerattati?
689 3213 1165 3351 {ttruttdtssttrmlffl’
1184 3216 1249 3268 ‘'l‘'

70 3353 140 3406 falls
153 3353 518 3424 nichtsogleicheingeltst
531 3356 634 3426 warde,
725 3363 749 3411 3.
778 3355 968 3426 oppupuutur]
998 3355 1047 3408 der
1072 3354 1171 3409 Modus
1199 3354 1249 3410 der

73 3423 245 3493 wenigrtens
270 3425 347 3479 ward
372 3442 402 3480 so
428 3426 494 3480 aber
512 3427 558 3482 ein
577 3445 634 3482 mc·
689 3427 812 3482 directcn
831 3426 908 3480 Reda
926 3425 964 3480 ist
982 3424 1171 3494 beibehalten,
1189 3442 1247 3481 was

73 3493 210 3548 ralischer
227 3493 322 3549 Druck
345 3496 395 3550 aul
415 3497 460 3551 die
479 3497 635 3554 Verk'aufer
689 3496 719 3551 L.
740 3498 825 3552 ofters
843 3497 922 3563 tbut;
950 3495 995 3551 bei
1013 3497 1079 3550 dum
1097 3495 1136 3550 ist
1154 3512 1182 3550 cs
1200 3514 1247 3567 gc·

70 3566 221 3634 ausgedbt.
688 3569 755 3623 rade
773 3567 853 3622 nicht
869 3567 974 3636 banfig.

113 3642 155 3690 15.
190 3638 306 3706 aliquem
333 3655 465 3695 mercena.
488 3641 635 3710 increpem
724 3645 750 3693 4.
782 3639 906 3709 securus]
939 3639 993 3709 εἰς.
1025 3654 1081 3692 von
1108 3637 1248 3696 Personen

73 3707 152 3776 uoco]
169 3708 215 3761 ioh
231 3708 427 3764 ‘scheltedem
444 3711 635 3766 einenldieth·
691 3711 936 3778 ‘unbekdmmert,
978 3709 1147 3780 sorgenlos'‚
1187 3713 1250 3767 hier

70 3777 157 3846 Iing’,
179 3777 269 3833 wadr
287 3781 358 3834 auch
381 3783 500 3851 aliquem
517 3789 548 3836 ut
567 3799 633 3838 mer·
690 3782 854 3852 ‘gelehrlos’
871 3807 905 3827 =
919 3787 995 3836 tutus
1017 3799 1044 3835 u.
1063 3797 1094 3836 so
1117 3782 1170 3837 wie
1190 3783 1249 3838 dies

72 3851 235 3904 ceuuuriuur
261 3853 372 3920 increpo
398 3855 500 3922 gesagt
523 3855 635 3908 werden
688 3855 741 3908 mit
760 3870 778 3907 a
797 3855 910 3920 constr,
944 3854 1000 3923 vgl.
1019 3853 1071 3919 39,
1100 3859 1128 3918 1,
1157 3860 1173 3908 6
1201 3856 1250 3924 qui

71 3919 151 3974 kann
174 3919 231 3990 (35,
250 3929 293 3990 39,
313 3929 340 3977 7:
368 3923 517 3993 Mupuetue
538 3930 571 3979 ut
592 3926 635 3979 ire
687 3926 796 3979 uultum
814 3925 901 3978 toccum
919 3925 1040 3994 quietiuu
1058 3930 1108 3978 aut
1122 3940 1248 3979 securum

69 3997 167 4060 pratos
189 3994 331 4078 increpat).
374 3995 431 4048 Das
455 3995 547 4050 blosse
569 3997 634 4066 aliq.
688 4012 743 4050 esse
759 3997 866 4079 sineret.
935 4067 940 4079 Ι
1025 4067 1029 4079 Ι

72 4066 635 4200 Iesseluwlrtetltret.tssnlt
690 4073 753 4193 ab
768 4066 1249 4207 recurrerentur

73 4205 263 4260 drucksweise
282 4208 369 4261 sehon
387 4208 418 4262 L.
438 4207 465 4276 8,
482 4214 525 4277 32,
541 4215 573 4263 13
593 4211 635 4264 iu·
690 4209 792 4264 ‘aulR
806 4209 1068 4279 gestelltwerden’3
1088 4207 1203 4262 abnlich
1216 4209 1248 4263 iu

72 4278 225 4344 crepabunt
237 4279 419 4333 inclementem
427 4280 635 4336 dictutcruasie
687 4281 819 4336 subsidiis
837 4281 884 4335 rel.
905 4279 945 4334 ‘in
965 4279 1106 4334 Reserve'.

72 4347 201 4402 schalten
215 4349 270 4403 den
283 4349 317 4404 D.
336 4367 480 4419 mausum
500 4351 554 4421 eig.
568 4352 635 4407 aber
724 4359 753 4408 6,.
777 4351 873 4422 coepit]
894 4369 914 4406 a.
934 4369 967 4404 au
986 4356 1011 4418 7,
1032 4355 1072 4404 10.

72 4443 109 4463 ==
128 4420 310 4488 increpabunt
326 4423 524 4477 incurrentium
547 4425 635 4478 dicta
723 4425 861 4492 inceptum
872 4421 1034 4492 succederet]
1050 4421 1173 4476 diesere
1187 4440 1248 4492 per-

71 4491 150 4545 toris.
689 4495 757 4550 stul.
784 4493 892 4548 Oonatr.
916 4489 967 4560 42,
990 4497 1039 4561 58,
1068 4499 1082 4547 1
1111 4495 1249 4563 inceptum

129 4590 173 4630 'riu
188 4591 239 4632 Liv.
253 4591 281 4632 Β.
296 4593 329 4633 24.
1020 4588 1036 4636 3
