2962 4956
86 317 108 347 a.
130 307 180 347 cnr.
200 317 222 346 n.
241 306 287 346 ers.
364 326 367 336 ·
480 291 590 346 LIBER
608 292 720 346 XXIIII.
741 291 818 346 csP.
838 299 880 349 36.
900 299 943 346 31.
1225 292 1268 358 63

86 476 189 520 mano
222 453 354 537 recipit,
386 453 442 517 ubi
471 453 626 518 frumenti
655 474 775 538 magna
805 455 853 518 vis
878 459 1139 542 commeatusque
1163 457 1268 522 omnis

85 542 218 630 generis
243 544 390 607 convecti
413 547 507 606 erant
529 541 694 607 Romanis.

180 631 233 695 Ad
264 630 350 694 hanc
380 629 594 694 defectionem
624 631 722 694 erecti
753 635 829 694 sunt
857 634 891 695 et
920 632 1057 696 aliarum
1087 632 1321 699 civitatium3l

86 720 203 804 animi,
236 718 462 802 praesidiaque
485 717 634 783 Romana
657 721 715 782 aut
736 719 942 802 pellebantur
965 721 1092 785 arcibus
1116 724 1173 785 aut
1194 742 1267 805 pro-

85 810 158 873 dita
194 829 253 891 per
289 806 435 892 Laudem
468 807 744 890 opprimebantur.
788 806 924 891 Henna,
961 809 1084 874 excelso
1121 810 1192 875 loco
1231 827 1303 874 sca

86 901 265 982 praerupto
297 895 438 980 undique
472 896 551 977 sita,
585 917 657 960 eum
688 896 760 960 loco
792 896 1054 980 inexpugnabilis
1084 900 1167 982 erat,
1197 900 1268 961 tum

86 985 286 1070 praesidium
310 983 345 1046 in
369 1004 442 1048 arce
466 983 608 1048 validum
631 984 893 1069 praefectumque
911 985 1066 1068 praesidii
1083 985 1170 1050 baud
1190 1007 1267 1050 sane

87 1076 309 1158 opportunum
332 1071 561 1137 insidiantibus
584 1071 737 1137 habebat.
782 1070 817 1137 L.
840 1072 991 1138 Pinarius
1015 1077 1099 1156 erat,
1121 1073 1172 1138 vir
1195 1092 1303 1140 acere

87 1167 123 1226 et
151 1162 206 1246 qui
234 1161 307 1245 plus
331 1160 366 1224 in
390 1181 441 1238 eo,
471 1181 512 1224 ne
534 1164 646 1243 posset
669 1161 789 1244 decipi,
822 1182 919 1245 qnam
941 1162 976 1226 in
999 1162 1061 1227 fide
1085 1161 1268 1227 Siculorum

86 1253 267 1334 reponeret.
313 1252 346 1312 et
372 1252 443 1313 tum
465 1248 673 1312 intenderant
701 1270 774 1313 eum
804 1249 844 1313 ed
868 1249 1003 1314 cavendi
1026 1251 1134 1315 omnia
1158 1272 1268 1314 curam

87 1341 141 1404 tot
170 1338 299 1402 auditae
326 1337 527 1420 proditiones
555 1335 824 1420 defectionesque
840 1338 969 1403 urbium
993 1341 1026 1403 et
1048 1338 1156 1403 clades
1178 1360 1268 1422 prae-

88 1427 257 1490 sidiorum.
293 1426 401 1509 itaque
425 1427 472 1490 die
494 1446 532 1490 ae
553 1429 649 1489 nocte
671 1425 762 1489 iuxta
784 1429 900 1508 parata
918 1427 1138 1511 instructaque
1158 1427 1304 1493 omnies

88 1515 246 1580 custodiis
279 1535 316 1578 ac
345 1514 466 1599 vigiliis
497 1516 604 1596 erant,
634 1533 695 1578 nec
725 1513 765 1577 ab
794 1516 893 1578 armis
917 1518 975 1579 aut
996 1516 1067 1580 loco
1092 1537 1150 1579 suo
1173 1515 1267 1581 miles

88 1602 294 1670 abscedebat.
339 1601 424 1685 quod
455 1601 513 1665 ubi
536 1599 762 1666 Hennensium
791 1603 955 1687 principes
984 1603 1050 1667 iam
1078 1603 1166 1687 pacti
1195 1620 1303 1670 cuma

90 1690 278 1755 Himilcone
306 1690 343 1754 de
369 1690 553 1773 proditione
576 1689 730 1773 praesidii
754 1692 1051 1756 animadverterunt
1077 1692 1161 1755 nulli
1179 1713 1269 1756 occa-

94 1780 180 1844 sioni
203 1778 323 1842 fraudis
342 1778 526 1844 Romanum
549 1782 672 1861 patere,
695 1778 728 1841 vi
749 1779 814 1843 rati
836 1780 997 1863 agendum
1015 1780 1129 1844 urbem
1148 1799 1304 1848 arcem-c

93 1889 156 1951 que
180 1889 258 1932 suae
280 1867 452 1950 potestatis
476 1867 567 1931 aiunt
589 1866 705 1931 debere
729 1889 813 1950 esse,
846 1868 874 1932 si
896 1868 991 1932 liberi
1013 1868 1048 1931 in
1072 1869 1269 1952 societatem,

127 2040 274 2112 Romanis]
289 2040 328 2095 ist
337 2039 430 2107 Datis,
446 2040 495 2095 der
508 2039 562 2094 mit
575 2045 655 2094 mant
708 2040 849 2096 latoribus
863 2043 1038 2112 laboransque
1046 2040 1181 2110 praemiis
1185 2061 1196 2106 ;
1209 2039 1270 2094 dies

91 2130 127 2166 au
145 2111 300 2166 verbinden
323 2110 373 2177 ist3
397 2111 497 2165 sttnde
521 2128 550 2165 es
573 2111 618 2164 fdr
636 2129 654 2165 a
707 2111 780 2166 liebt
797 2111 828 2168 L.
849 2113 921 2180 sehr,
942 2111 1157 2182 heuptsichlich
1175 2111 1270 2164 hinter

89 2182 242 2248 Romanis,
261 2198 291 2236 so
310 2185 415 2236 mdeste
435 2199 464 2235 es
482 2182 583 2236 vorher
601 2198 654 2250 quo
708 2182 772 2236 dem
791 2181 1070 2252 Relativpronomen;
1090 2200 1112 2236 s.
1131 2187 1174 2251 34,
1194 2188 1220 2236 9.

92 2254 165 2308 statt
187 2254 236 2307 ubi
258 2253 378 2307 heissen.
414 2252 479 2322 VgI
504 2252 555 2320 22,
575 2257 654 2320 20,6
744 2253 941 2325 opportunum]
961 2254 1017 2324 egl.
1036 2253 1151 2322 30,4,3
1171 2269 1270 2308 morem

91 2324 144 2378 ubi
161 2325 202 2378 eis
223 2340 325 2393 mama
343 2325 434 2391 sparti
451 2329 522 2390 erat,
541 2324 579 2378 ad
600 2339 655 2376 rem
708 2325 790 2378 unul
816 2330 955 2379 noscerent
981 2326 1132 2379 stationum
1158 2324 1269 2393 cipilia-

92 2395 236 2448 nautieam
263 2399 389 2464 conpesta
414 2393 449 2448 ab
477 2393 655 2447 Hasdrubale
708 2411 830 2463 rimsque,
848 2401 925 2449 nocte
942 2412 981 2450 an
998 2395 1121 2449 interdiu
1139 2399 1270 2463 opportu-

90 2465 149 2518 und
168 2464 218 2528 21,
238 2470 282 2531 48,
299 2472 315 2520 9
335 2465 509 2531 Clastidium,
527 2480 580 2532 quo
597 2481 654 2517 ma·
708 2467 800 2519 niores
817 2466 966 2521 insidianti
985 2471 1077 2520 essent.
1108 2465 1270 2519 insidianti-

90 2552 177 2605 qnum
202 2536 335 2601 frumenti
357 2552 499 2590 umnerum
523 2550 654 2604 conpesce
710 2536 759 2590 biis
781 2535 873 2604 geben
891 2536 943 2590 wir
960 2536 1047 2591 durch
1068 2535 1118 2589 des
1137 2536 1270 2589 Abstrus-

91 2611 159 2661 rant
177 2605 306 2660 Romani.
709 2608 770 2660 tum
788 2607 901 2676 wieder,
920 2624 940 2660 s.
959 2625 994 2660 au
1013 2612 1056 2674 31,
1075 2611 1100 2658 2.

128 2676 252 2732 91-39.
271 2675 470 2745 Ereignisse
483 2675 654 2730 inHenna.
746 2683 771 2732 3.
805 2676 943 2732 Pinarius
965 2677 1035 2747 erat]
1061 2675 1271 2746 gewbhnfichsr

130 2754 153 2802 1.
186 2747 277 2818 erecti]
306 2746 484 2816 gewbhnlich
511 2747 564 2800 mit
591 2747 655 2800 dem
710 2751 774 2817 sagt
792 2747 853 2805 Liv.
872 2751 898 2802 is
913 2748 947 2802 P.
967 2753 1041 2812 erat;
1057 2747 1137 2818 jener
1156 2746 1194 2800 ist
1211 2745 1271 2800 bei·

91 2819 193 2872 Zusata
225 2820 262 2872 ad
293 2819 361 2872 oder
396 2819 429 2872 in
460 2819 580 2886 aliquid,
615 2817 676 2882 oft,
709 2817 843 2874 behalten
870 2837 920 2874 aas
938 2819 988 2873 der
1010 2818 1056 2872 bei
1073 2816 1105 2874 L.
1128 2817 1271 2871 beliebten

92 2889 146 2943 mit
169 2890 353 2958 expectatione
375 2888 550 2954 verbunden,
575 2888 655 2942 abso·
709 2889 794 2944 Form
818 2888 867 2944 der
885 2890 1068 2956 Parenthese,
1089 2887 1142 2942 wie
1160 2886 1207 2955 28,
1227 2892 1271 2953 15,

92 2960 151 3029 lut,
170 2959 223 3013 wie
242 2959 315 3028 hier,
339 2959 412 3014 auch
430 2958 476 3026 211,
495 2964 573 3024 sint
595 2975 656 3013 cum
710 2965 726 3013 2
753 2965 897 3029 postquam
918 2960 1065 3028 Neapolim
1089 2977 1108 3013 a
1129 2959 1270 3028 praefecto

92 3032 159 3084 baec
185 3031 378 3098 exprobrando
404 3029 476 3083 hosti
503 3029 656 3083 Marcellus
709 3029 837 3084 Romano
863 3031 949 3085 teneri
976 3031 1079 3099 accepit
1101 3061 1136 3070 -
1155 3029 1272 3084 Silanus

95 3117 208 3156 suorum
226 3102 344 3154 militum
362 3101 469 3154 animos
487 3101 607 3169 eriperet.
710 3105 770 3155 erat
787 3101 822 3155 ab
840 3101 1037 3170 Neapolitanis
1056 3102 1159 3156 accitm
1173 3131 1208 3163 -,
1222 3116 1269 3168 pe·
1331 3163 1337 3180 Ι

129 3177 155 3226 2.
186 3172 357 3240 praesidium
380 3200 414 3210 -
435 3171 657 3239 praesertimque
710 3171 745 3224 tit
761 3171 921 3227 Nuceriam.

89 3243 240 3312 praesidii]
256 3242 306 3296 das
316 3239 657 3295 Substantivwiederholt
742 3243 809 3310 plus
826 3259 954 3312 reponere
971 3243 1015 3313 in]
1037 3242 1127 3296 ‘mehr
1144 3239 1273 3295 Gerricht

95 3314 166 3367 statt
185 3313 233 3366 des
251 3312 422 3366 Pronomens
445 3310 527 3378 (such
547 3309 593 3376 26,
613 3316 656 3379 39,
710 3313 761 3366 auf
777 3317 863 3368 etwas
882 3313 986 3383 legen',

95 3390 109 3436 1
126 3384 307 3452 praesidium,
326 3383 398 3452 quod
415 3382 457 3435 ibi
476 3381 657 3447 1111110111-
740 3385 921 3438 intenderant
934 3400 994 3437 eum
1008 3383 1046 3437 ud
1060 3381 1165 3450 unam]
1187 3382 1271 3435 eben-

94 3471 162 3508 num
184 3454 392 3523 praefectusque
415 3453 554 3521 praesidii
577 3457 657 3522 atque
711 3469 742 3507 so
761 3453 812 3522 21,
832 3460 875 3522 49,
895 3461 909 3508 1
933 3468 997 3507 suos
1016 3453 1053 3507 ad
1071 3468 1167 3506 curam
1184 3456 1271 3505 nesto·

95 3526 168 3579 arcis
182 3525 226 3581 M.
236 3525 359 3592 Liuinslz
374 3523 436 3578 eine
446 3521 656 3593 Naohwirkung
710 3526 773 3579 diae
798 3525 952 3588 intendere;
979 3523 1049 3577 wird
1077 3521 1123 3576 die
1146 3521 1272 3591 Sorgfalt

95 3596 143 3650 des
161 3595 238 3650 alten
258 3594 444 3663 Oarialstiles,
467 3594 497 3648 in
520 3593 657 3648 walchem
709 3612 775 3649 vom
790 3595 866 3664 Subj.
885 3595 982 3664 gedbt,
1001 3611 1032 3648 so
1050 3592 1141 3647 heisst
1158 3609 1187 3646 es
1202 3611 1224 3646 z.
1240 3592 1271 3646 B.

96 3666 183 3719 durch
197 3666 277 3721 sulla
296 3667 345 3720 des
359 3664 521 3718 Ausdrmks
536 3663 585 3718 der
599 3663 655 3718 Un·
710 3663 761 3734 25,
782 3672 848 3733 s,7
875 3667 908 3720 in
935 3670 1023 3720 edera
1049 3665 1083 3719 ab
1111 3679 1140 3718 eo
1164 3665 1273 3719 intenta

97 3736 282 3791 deutlichkeit
320 3735 388 3790 oder
423 3733 660 3803 Zweideutiqkeit
710 3751 780 3790 cura
797 3742 843 3791 est.

96 3806 269 3876 rorgebeugt
286 3807 390 3875 warde,
410 3825 432 3860 a.
452 3807 483 3859 B.
503 3805 549 3872 21,
569 3810 610 3871 17,
624 3811 655 3859 4:
745 3807 918 3878 defectiones]
932 3806 1029 3860 Plural
1040 3821 1138 3875 wegen
1151 3806 1272 3870 rubium,

96 3877 185 3930 latum
202 3877 266 3931 inde
284 3879 321 3932 ad
336 3878 479 3948 populum,
499 3877 595 3930 uellent
613 3877 655 3930 iu·
709 3875 763 3934 wie
781 3884 825 3945 39,
845 3883 869 3934 I.

98 3949 189 4002 luent
211 3949 316 4016 populo
339 3947 564 4018 Cambaqiniensi
591 3947 656 4000 bel·
745 3954 770 4002 4.
789 3949 883 4019 turta]
903 3967 924 4003 s.
943 3967 978 4002 zu
996 3953 1039 4016 20,
1061 3953 1102 4002 13.

98 4019 161 4072 lum
183 4019 287 4084 indici;
310 4020 446 4088 eiusque
469 4017 549 4073 belli
572 4033 656 4072 casua
745 4024 770 4072 ὁ.
790 4021 864 4088 quod
881 4020 943 4091 ube]
962 4038 982 4074 s.
1002 4037 1037 4072 aa
1056 4022 1098 4082 15,
1117 4021 1142 4070 5.

97 4090 262 4158 supplicatio
278 4105 329 4158 per
345 4091 440 4145 urbem
462 4090 559 4144 babitu
577 4093 658 4157 atque
744 4091 851 4161 patere]
871 4088 1272 4160 vgl.81,39,12inpaten-

99 4161 208 4215 adorati
225 4161 277 4225 dii,
294 4166 326 4214 ut
340 4161 404 4215 bene
422 4177 456 4215 ac
473 4160 589 4227 feliciter
602 4173 657 4214 eve·
711 4165 762 4214 tem
784 4163 894 4216 uulneri
920 4177 1017 4231 equum
1040 4160 1205 4228 equitemque
1226 4172 1271 4210 sa-

97 4232 174 4300 aaa,
189 4233 275 4300 quod
290 4231 410 4286 bellum
420 4232 543 4301 populus
556 4230 657 4284 Roma·
703 4231 795 4300 „pillos
818 4234 937 4287 conicere
957 4234 1068 4300 poterat
1091 4254 1124 4274 =
1150 4227 1270 4283 ‘offensu

97 4317 149 4355 nus
175 4303 303 4356 iussisset.
346 4300 539 4356 Andererseits
566 4301 658 4356 erhilt
712 4301 829 4373 Zugeng
847 4304 948 4372 haben,
967 4299 1134 4371 augtuglich
1151 4297 1233 4352 sein’.

98 4372 146 4426 das
160 4371 563 4428 wiederholteSubstantivum
576 4372 657 4426 einen
748 4381 772 4429 6.
801 4390 868 4428 suae
886 4373 1030 4443 potestatis
1051 4370 1115 4440 esse]
1143 4369 1199 4437 vgl.
1224 4367 1271 4435 25,

97 4442 656 4513 besonderenNachdruck,wielb,13,6
712 4449 759 4513 29,
783 4452 800 4499 4
826 4445 915 4499 nostri
942 4443 1054 4498 arbitrii
1080 4456 1173 4496 sumus
1202 4438 1273 4494 ‘wir
