2934 4952
191 271 235 336 28
571 271 682 328 ΗΒΕ-Β
699 273 813 330 XXIIII.
841 271 919 328 cAP.
941 279 983 328 16.
1197 298 1217 328 a
1236 297 1259 328 u.
1279 298 1298 326 e.
1318 288 1375 329 5402

192 438 286 519 terga
314 436 404 519 data,
434 437 595 518 ruuntque
623 434 784 520 fugientes
812 435 848 499 in
871 437 978 500 castra
1004 433 1083 500 adeo
1107 428 1213 519 pavidi
1238 435 1383 518 trepidi·
1449 477 1450 484 ι

194 545 267 607 que,
290 527 327 588 ut
349 545 390 588 ne
412 524 447 587 in
470 524 574 608 portis
597 523 725 606 quidem
749 527 806 587 eut
827 523 913 588 vallo
937 523 1108 608 quisquam
1130 523 1302 606 restiterit3
1336 546 1386 590 ac

192 633 293 696 prope
326 611 507 678 continenti
539 611 669 697 agmine
691 611 832 676 Romani
860 611 998 677 insecuti
1025 633 1148 676 nouum
1178 610 1216 676 de
1238 613 1384 697 integro

156 715 172 764 a
192 700 351 783 proelium
377 700 496 765 inclusi
523 700 669 770 hostium
693 700 779 766 vallo
804 699 979 765 ediderunt.
1015 698 1069 770 ibi¹
1084 700 1169 765 siout
1190 720 1300 784 pugna
1325 701 1382 766 in·

191 788 332 872 peditior
362 789 398 854 in
430 786 607 872 angustiis,
639 789 687 853 ita
719 788 832 853 caedes
864 789 1005 853 atrocior
1035 787 1107 852 fuit
1153 793 1186 852 et
1219 788 1382 854 adiuvere

192 877 327 961 captivi,
351 878 406 962 qui
428 881 524 961 rapto
547 876 634 941 inter
655 878 830 941 tumultum
853 876 939 941 ferro
958 876 1146 961 conglobati
1164 881 1197 940 et
1216 878 1256 941 eb
1275 882 1383 962 tergo

157 966 379 1031 nceciderunt
408 964 536 1030 Poenos
569 969 601 1028 et
631 965 745 1050 fugam
776 965 1007 1054 impedierunt..
1036 967 1147 1049 itaque
1175 965 1282 1030 minus
1305 965 1383 1032 duo

195 1054 286 1119 milia
314 1055 483 1120 hominum
508 1077 547 1119 ex
569 1057 662 1118 tanto
686 1054 840 1136 exercitu,
873 1057 906 1118 et
928 1075 967 1118 ea
990 1055 1095 1118 maior
1117 1076 1193 1137 pars
1218 1054 1384 1138 equitum,

196 1164 268 1208 oum
296 1143 368 1227 ipso
397 1142 475 1209 duce
504 1143 697 1227 effugerunt3
731 1142 787 1206 alii
815 1164 927 1208 omnes
950 1143 1037 1206 caesi
1060 1144 1118 1206 aut
1140 1143 1241 1226 capti,
1274 1147 1384 1226 capta

160 1244 176 1293 5
196 1235 229 1295 et
252 1231 345 1316 signa
368 1231 696 1316 duodequadraginta.
734 1252 774 1299 ex
796 1231 974 1296 victoribus
997 1231 1060 1294 duo
1084 1230 1176 1294 milia
1197 1229 1298 1294 ferme
1323 1253 1380 1295 ce-

196 1319 309 1384 cidere.
345 1320 467 1402 praeda
495 1319 617 1384 omnis·
629 1323 854 1402 praeterquam
882 1319 1052 1384 hominum
1079 1323 1249 1402 captorum
1275 1319 1380 1384 milit-i

196 1429 348 1473 concessa
371 1411 439 1492 est;
470 1410 502 1472 et
524 1411 814 1493 pecus-exceptum
829 1405 901 1491 est,
924 1407 1011 1491 quod
1033 1407 1122 1472 intra
1144 1407 1212 1472 dics
1234 1407 1378 1492 triginta

195 1495 318 1562 domini
342 1497 578 1582 cognovissent.

160 1598 176 1646 6
286 1581 368 1649 Cum
390 1584 511 1669 praeda
530 1584 639 1650 onusti
656 1585 692 1650 in
710 1587 816 1649 eastra
834 1583 1004 1668 redissent,
1027 1587 1183 1670 quattuor
1201 1584 1291 1648 milia
1310 1584 1378 1650 fer-

197 1693 248 1736 me
272 1672 425 1738 volonum
448 1673 596 1758 militum,
620 1695 701 1757 quae
723 1676 949 1759 pugnaverant
972 1673 1104 1758 segnius
1116 1694 1182 1737 nec
1205 1673 1241 1738 in
1264 1677 1380 1738 castra

196 1760 387 1844 inruperant
410 1762 633 1840 sinrul,‚metu
656 1783 779 1846 poenae
803 1761 917 1827 collem
939 1760 1027 1825 haud
1048 1761 1161 1845 procul
1185 1761 1300 1826 castris
1324 1783 1378 1826 ce-

161 1864 176 1912 7
196 1855 322 1932 perunt.
359 1854 490 1934 postero
510 1851 635 1934 disper
653 1851 803 1916 tribunos
821 1851 961 1915 rnilitum
980 1849 1054 1914 inde
1072 1848 1200 1914 deducti
1220 1850 1378 1914 contione

160 1937 336 2002 amilitum
359 1939 516 2004 advocata
539 1961 559 2004 a
578 1938 724 2004 Graccho
749 1939 986 2024 superveniunt
1023 1938 1080 2003 ubi
1102 1959 1176 2002 cum
1195 1939 1374 2022 proconsul

194 2029 318 2092 veteres
347 2028 466 2092 milites
489 2029 645 2112 primum,
671 2031 769 2111 prout
792 2028 944 2111 cuiusque
967 2026 1073 2091 virtus
1094 2029 1190 2111 atque
1214 2048 1313 2116 opera
1335 2027 1376 2092 in

160 2130 235 2179 aea
257 2136 368 2200 pugna
390 2116 506 2200 fuerat,
530 2115 725 2180 militaribus
744 2115 836 2180 donis
857 2115 1019 2197 donasset,
1041 2118 1129 2198 tunc,
1153 2116 1238 2200 quod
1258 2114 1297 2178 ad
1317 2137 1375 2179 uo-

195 2202 288 2267 lones
311 2205 473 2288 attineret,
496 2226 608 2269 omnes
627 2206 673 2269 ait
691 2204 786 2269 malle
804 2203 953 2268 laudatos
973 2225 993 2268 a
1011 2225 1046 2268 se
1064 2204 1182 2289 dignos
1205 2203 1374 2287 indignos-

195 2312 271 2376 que,
300 2314 398 2376 quam
426 2315 621 2377 quemquam
646 2314 684 2357 eo
708 2293 758 2358 die
787 2293 983 2378 castigatum
1011 2313 1091 2356 esse.
1135 2293 1220 2376 quod
1248 2292 1374 2356 bonum

195 2379 341 2445 faustum
364 2381 503 2467 felixque
522 2381 736 2466 reipublicae
761 2380 904 2465 ipsisque
927 2384 1021 2463 esset,
1044 2401 1157 2444 omnes
1177 2402 1232 2445 ecs
1249 2379 1375 2445 liberos

145 2483 180 2532 1ο
200 2488 271 2544 esse
297 2469 416 2534 iubere.
463 2470 503 2534 ad
531 2491 628 2553 quam
655 2491 767 2535 vocem
796 2491 870 2534 curn
898 2469 1021 2534 clamor
1048 2468 1174 2553 ingenti
1204 2469 1375 2533 alacritate

200 2557 348 2622 sublatus
372 2562 465 2638 esset,
488 2580 631 2626 acauno
654 2558 803 2642 conplexi
825 2558 911 2622 inter
932 2579 967 2622 se
990 2556 1263 2642 gratulantesque,
1285 2579 1376 2622 nuno

197 2667 312 2711 manua
328 2647 369 2712 ad
384 2648 507 2712 caelum
521 2648 672 2712 tollentes
687 2647 776 2711 bona
790 2646 899 2711 omnia
915 2647 1036 2730 populo
1050 2644 1198 2710 Romano
1213 2643 1376 2711 Graccho-

143 2750 176 2798 11
197 2755 258 2816 que
281 2736 346 2820 ipsi
370 2739 592 2820 precarentur,
615 2738 686 2800 tum
706 2733 869 2800 Gracchus
893 2733 1092 2818 ‘priusquam
1117 2756 1228 2799 omnes
1246 2734 1315 2800 iure
1334 2735 1375 2798 li-

229 2957 331 2997 aoowm
344 2945 376 2998 de
390 2944 508 3015 iateqro]
523 2943 570 2999 ein
584 2944 668 3000 beiL.
678 2944 757 2998 nicht
810 2943 904 3000 hobcn
917 2958 1011 2998 waren
1025 2943 1081 3012 (23,
1097 2949 1139 3012 14,
1150 2945 1186 3013 4),
1203 2943 1247 2998 die
1266 2943 1376 3012 gleich-

194 3013 315 3068 eeltener
332 3014 522 3072 Pleonasmus.
728 3044 733 3056 ,
810 3013 1374 3083 fallsmeistuntorSemproniusstanden.

230 3092 255 3138 4.
269 3085 758 3155 etea]demmaiorparsaesimiliert
847 3090 871 3140 8.
899 3090 996 3140 ueteres
1018 3085 1128 3155 milites]
1157 3085 1202 3140 die
1225 3085 1300 3139 wohl
1322 3103 1375 3140 na-

195 3157 266 3210 statt
288 3160 313 3210 et
330 3156 368 3209 ii:
384 3155 450 3225 (wie
471 3163 514 3222 18,
534 3159 575 3226 8):
597 3157 666 3212 ‘und
684 3173 757 3210 zuar
811 3155 947 3210 mentlich
973 3157 1056 3210 unter
1083 3156 1138 3210 den
1159 3157 1227 3211 socii
1254 3174 1288 3210 au
1310 3173 1375 3212 ver-

194 3226 262 3293 (und
280 3227 353 3280 noth
367 3227 449 3295 daza)
467 3243 561 3281 waren
575 3227 615 3282 sie
630 3226 757 3296 (10111111-
811 3226 928 3281 muthen
947 3225 1018 3282 sind.

194 3298 240 3351 ton
256 3297 306 3366 eie)
326 3297 372 3351 die
390 3297 536 3352 Mehrzahl
554 3298 603 3353 der
621 3297 738 3352 Reiter’.
844 3298 978 3368 primum]
999 3321 1032 3342 =
1046 3297 1152 3366 pana,
1179 3297 1232 3352 wie
1260 3297 1302 3352 oa
1324 3296 1375 3354 bei

230 3371 255 3421 ὅ.
273 3368 424 3438 hominum]
444 3368 588 3439 abhangig
603 3385 659 3423 von
675 3384 756 3437 proc·
810 3367 851 3435 L,
870 3387 892 3422 a.
911 3368 942 3422 B.
962 3373 1014 3434 40,
1025 3373 1050 3425 2.

194 3439 241 3508 da,
260 3439 305 3493 cin
320 3439 388 3497 Gen.
403 3456 531 3510 epexeg.,
552 3439 627 3494 ‘eine
639 3440 755 3508 praeda
846 3444 871 3494 9.
897 3439 1068 3508 quenquam]
1086 3438 1159 3492 deun
1178 3439 1228 3493 der
1246 3438 1315 3494 Sinn
1332 3439 1376 3496 ist

195 3507 241 3563 die
260 3526 310 3564 aus
327 3511 396 3565 tom.
416 3510 557 3580 beetand',
577 3526 607 3564 so
627 3509 699 3563 auch
711 3527 755 3578 pr.
810 3525 899 3564 omues
916 3509 976 3564 volo
991 3510 1127 3578 laudatos,
1145 3511 1277 3566 neminem
1291 3513 1374 3564 casti·

189 3595 335 3647 pecorum,
360 3587 559 3646 armentariam
590 3581 648 3650 vgl
672 3586 756 3646 20‚4
809 3585 912 3650 patum.

190 3652 312 3719 praedae
323 3653 459 3717 pecudum
471 3652 755 3721 homimunqueaetae.
847 3652 919 3720 qaod
937 3652 1038 3705 bonum
1054 3652 1076 3718 s.
1094 3652 1115 3718 f.
1134 3650 1168 3722 a]
1192 3651 1267 3706 diere
1290 3650 1373 3706 seier-

231 3727 255 3775 6.
274 3721 460 3791 mr'litum].iet
474 3722 580 3791 fiberfl,
596 3723 698 3778 ebenso
712 3728 757 3790 31,
809 3721 883 3776 liohe
896 3721 1017 3790 Formel,
1031 3721 1084 3776 mit
1098 3721 1218 3777 welcher
1232 3724 1310 3776 sonet
1323 3723 1373 3777 be·
1426 3753 1431 3766 ·

194 3797 219 3846 8.
229 3797 295 3859 32st
310 3791 357 3845 bei
366 3795 613 3850 mercennariorum
623 3794 756 3860 melitum
810 3809 921 3862 gonnen
939 3792 1018 3861 wird,
1036 3792 1123 3848 findet
1141 3791 1201 3847 sich
1219 3793 1375 3848 vereinaelt
1449 3791 1450 3860 J

193 3879 230 3916 an
248 3861 325 3917 ellan
344 3862 403 3917 drei
418 3862 525 3918 Stellen
538 3868 613 3919 wtre
627 3863 673 3918 die
686 3864 755 3919 Vor·
810 3867 843 3932 (z.
862 3864 893 3917 B.
913 3863 958 3930 10,
978 3869 1004 3930 8,
1025 3866 1069 3934 12)
1095 3863 1166 3918 auch
1187 3879 1233 3917 am
1258 3863 1373 3918 Schluss
1449 3865 1450 3884 l

193 3933 605 4002 anstollungdesmilr‘tumdas
618 3935 756 4004 gewohn,
809 3951 865 3990 von
888 3934 985 3988 Reden
1011 3935 1042 3988 in
1068 3934 1118 3990 der
1142 3934 1373 4004 Versammlung;
1449 3968 1450 3990 ι

193 4003 279 4058 allein
297 4004 329 4058 L.
354 4003 413 4057 will
431 4003 476 4058 die
495 4004 616 4060 anderen
634 4004 756 4075 Begriffe
808 4004 869 4060 hier
896 4005 1080 4060 unmittelbar
1106 4022 1157 4060 vor
1184 4005 1233 4061 der
1266 4005 1372 4076 eigent

193 4073 322 4129 betonen.
360 4074 412 4130 Die
436 4075 506 4129 Zahl
529 4081 600 4131 4000
627 4075 667 4132 iet
693 4077 756 4132 sehr
809 4076 903 4131 lichen
921 4075 1172 4145 Haupthandlung.
1449 4107 1450 4114 ι

193 4145 267 4201 hoch
285 4144 434 4215 gegriffen3
459 4145 531 4201 doch
549 4147 588 4203 iet
605 4146 755 4202 festzuhal·
847 4152 887 4201 11.
907 4145 976 4216 turn]
991 4145 1203 4216 begiuntbeih.
1215 4147 1371 4202 denNach-

193 4217 249 4284 ten,
264 4215 328 4270 dass
342 4215 402 4270 sich
416 4233 514 4272 ausser
526 4219 581 4271 den
591 4223 661 4272 8000
676 4216 755 4272 skla-
809 4221 868 4272 sata
886 4217 1016 4271 aiemlich
1035 4217 1092 4284 oft,
1117 4218 1190 4272 auch
1212 4218 1285 4273 nach
1308 4218 1371 4273 dem

192 4301 254 4351 ven,
270 4285 315 4340 die
329 4286 387 4340 sich
401 4287 475 4342 wohl
489 4287 703 4358 grosetentheils
716 4288 755 4341 im
808 4288 872 4344 Abl.
891 4288 949 4342 abs.
978 4288 1067 4344 findet
1087 4306 1117 4344 es
1136 4288 1209 4358 rich,
1233 4307 1253 4345 ι.
1274 4295 1321 4356 45,
1340 4295 1368 4354 ὃς

192 4355 282 4410 Hecre
301 4357 350 4411 des
365 4357 410 4412 Gr.
430 4358 578 4426 befanden‚
598 4358 671 4413 noch
685 4363 755 4413 6000
808 4360 865 4428 vgl.
886 4365 928 4426 13,
949 4365 977 4426 7;
1004 4359 1124 4415 seltener
1146 4365 1213 4416 turre
1234 4360 1290 4428 125,
1310 4367 1335 4428 8,
1354 4365 1369 4414 9

193 4426 367 4485 Verbreeher
396 4430 452 4488 und
476 4429 633 4486 Schuldner
656 4445 754 4498 ausge·
809 4445 892 4501 cogar
920 4436 986 4486 tuac
1011 4434 1096 4501 vcro);
1126 4431 1197 4486 oben
1225 4435 1240 4496 ἓ
1266 4437 1282 4486 9
1311 4431 1368 4487 ent
